3300 5666
449 815 492 882 40
749 833 930 884 nunocrun
954 833 1203 886 msronmnun.

281 1007 415 1076 ofLibya.
452 1011 549 1076 valde
578 1007 714 1090 fervida,
746 1011 852 1076 multa
881 1011 918 1076 in
948 1011 1087 1078 diversis
1111 1013 1192 1078 locis
1222 1031 1383 1098 generans
1409 1035 1501 1080 mon-

451 1117 581 1180 struosa
605 1117 639 1180 et
662 1133 837 1192 venenosa,
869 1119 904 1180 et
927 1115 1035 1180 multa
1061 1115 1214 1202 pretiosa,
1243 1121 1388 1202 utputa
1412 1139 1502 1206 gem-

450 1239 528 1296 mas,
555 1217 761 1306 margaritas,
787 1241 915 1298 aurum,
938 1223 1122 1304 argentum,
1142 1219 1354 1300 frumentum,
1377 1221 1502 1300 vinum,

450 1320 567 1400 oleum,
593 1325 627 1386 et
650 1319 745 1386 varia
771 1325 957 1388 aromatum
986 1341 1116 1406 genera.
1162 1319 1311 1388 Primam
1342 1323 1503 1410 originem

449 1427 687 1490 contraxerunt
717 1423 923 1490 habitatores
954 1421 1072 1508 Libyae
1102 1445 1123 1488 a
1144 1423 1266 1502 Phuth,
1303 1425 1403 1490 tertio
1433 1425 1502 1490 filio

450 1525 563 1604 Oham,
595 1519 684 1592 unde
719 1525 842 1592 fluvius
873 1547 1006 1590 currens
1037 1547 1095 1610 per
1137 1523 1280 1610 Libyam
1312 1529 1347 1592 et
1378 1527 1502 1594 Mauri-

446 1631 576 1694 taniam
607 1627 722 1694 Phuth
759 1627 892 1706 dicitur,
924 1647 1037 1714 aquo
1065 1627 1170 1692 omnis
1199 1627 1301 1714 regio
1325 1629 1503 1698 Phutensis

447 1733 645 1802 nominatur.
692 1727 786 1796 Hoo¹
819 1729 945 1798 Glossa.
967 1749 1064 1818 super
1095 1729 1177 1796 Gen.
1207 1745 1254 1796 xi.

820 2051 821 2054 ’
865 2049 944 2114 Gar.
979 2045 1083 2114 XLV.

834 2251 882 2318 Dc
920 2251 1115 2336 Pentapoli.

281 2469 417 2522 offena·
497 2451 714 2520 anlpons
744 2451 859 2520 Graeca
893 2451 1010 2540 lingna
1037 2457 1088 2518 est
1117 2475 1137 2518 a
1169 2451 1314 2538 quinque
1346 2449 1506 2520 rubibus²

278 2537 342 2600 polis
353 2537 381 2588 in

279 2603 378 2658 Africa.

450 2561 651 2642 nuncupata,
674 2555 801 2624 scilicet
832 2555 997 2636 Berenice,
1024 2553 1203 2632 Oenonen?
1231 2555 1370 2640 Cyrene,
1395 2555 1506 2618 Ptole-

449 2657 585 2738 maida‚⁴
614 2657 816 2746 Apollonia,
842 2659 930 2724 unde
962 2657 1142 2724 Ptolemais
1173 2661 1207 2722 et
1233 2657 1389 2752 Berenice
1412 2679 1433 2722 a
1454 2681 1506 2722 re-

450 2761 606 2850 gionibus
626 2763 808 2828 nominatae
832 2767 918 2838 sunt.
965 2761 1028 2828 Est
1051 2765 1163 2828 autem
1179 2759 1371 2846 Pentapolis
1388 2759 1505 2846 Libyae

452 2861 657 2950 Cyrenensi⁵
679 2865 844 2952 adjuncta,
862 2869 897 2932 et
918 2865 956 2932 in
977 2865 1048 2952 ejus
1070 2865 1194 2930 finibus
1217 2867 1383 2950 deputata.
1430 2863 1505 2932 Hoc

452 2967 607 3046 Isidorus,
643 2967 729 3033 libro
771 2983 862 3032 xl111.
910 2967 972 3032 Est
1007 2971 1119 3032 autem
1150 2967 1216 3032 alia
1246 2967 1436 3054 Pentapolis
1466 2967 1503 3032 in

451 3067 617 3136 confinio⁶
640 3069 783 3150 Arabiae,
806 3089 880 3156 quae
902 3073 936 3134 et
967 3069 1145 3134 Palaestina
1168 3069 1258 3134 dicta
1280 3075 1338 3148 est,
1363 3093 1383 3134 a
1405 3071 1503 3156 quin·

452 3195 515 3260 que
547 3173 737 3240 civitatibus
774 3173 961 3260 impiorum,
1001 3173 1058 3260 qui
1094 3173 1171 3260 igne
1206 3173 1332 3240 coelesti
1365 3173 1502 3240 fuerunt

450 3275 636 3364 consumpti
659 3281 693 3342 et
715 3267 882 3344 inlocum
910 3275 1133 3342 bitumineum
1156 3277 1313 3356 conversi,
1344 3277 1432 3362 quod
1466 3283 1500 3344 et

449 3401 538 3446 nuno
573 3379 665 3444 Mare
699 3379 869 3446 Mortumn
902 3377 1033 3458 dicitur,
1059 3381 1137 3466 quia
1167 3381 1295 3444 nullum
1317 3379 1427 3468 gignit
1449 3381 1500 3446 vi·

388 3565 389 3568 ¹
449 3481 525 3570 tale,
548 3481 807 3570 necquicquam
828 3481 937 3548 nutrit
960 3483 1002 3548 de
1025 3503 1142 3572 genere
1166 3481 1362 3550 viventium.
1408 3483 1497 3548 Nam

450 3607 558 3670 neque
588 3587 690 3674 pisces
720 3607 825 3672 neque
857 3607 934 3652 aves
965 3607 1071 3674 neque
1101 3587 1237 3674 navigia
1259 3587 1393 3674 patitur,
1418 3587 1497 3672 quia

450 3689 561 3756 omnia
583 3689 656 3758 vita
677 3681 822 3754 carentia
843 3689 881 3754 in
902 3709 939 3754 eo
963 3691 1078 3758 statim
1105 3687 1363 3778 demerguntur.⁷
1408 3689 1494 3756 Oan-

451 3791 525 3858 dela
557 3813 691 3860 accensa
725 3797 924 3880 supernatat,
953 3795 1108 3860 extincta·
1130 3793 1333 3880 demergitur
1362 3793 1399 3858 in
1421 3815 1493 3882 prou
1524 3863 1525 3866 ,

449 3897 600 3962 fundum.
647 3895 730 3962 Haec
755 3895 925 3986 provincia
948 3901 1026 3964 ante
1058 3897 1338 3984 consumptionem
1361 3897 1409 3962 ita
1430 3897 1495 3964 fuit

449 3999 601 4086 locuplex
640 4001 728 4088 quod
760 4001 847 4064 inter
877 3999 946 4088 ejus
979 4001 1104 4088 lapides
1143 3997 1326 4088 sapphirae⁸
1358 4003 1392 4064 et
1421 4000 1494 4068 aliae

452 4201 626 4210 ..μ-...ψ

483 4357 571 4428 ¹Hoo]
590 4363 619 4424 h·
654 4361 687 4412 A·
722 4361 783 4414 hmo·
817 4363 882 4414 RD.
973 4409 974 4412 Ἴ
1025 4337 1207 4408 spectantius]
1244 4339 1425 4392 ,Ptholomaida
1459 4339 1493 4392 A.

551 4481 555 4492 ·
647 4481 678 4492 ..
720 4481 725 4492 ⁸
911 4451 912 4454 =
973 4419 1173 4488 s'rholomayon.
1200 4421 1233 4472 B.
1259 4421 1430 4472 Tholemaida.
1460 4421 1492 4472 1).

480 4481 612 4546 corbibus]
631 4481 781 4532 aviunbus.
813 4481 844 4530 B.
1026 4499 1194 4568 mmmm&
1213 4499 1320 4558 (pirensi⁸
1353 4503 1383 4552 ΒΙ

482 4619 633 4716 wara
698 4583 798 4676 alta.
850 4621 949 4712 aa.
1027 4581 1416 4729 tustanum.
1429 4657 1493 4712 a,

448 4701 599 4758 Teuehuai'
1028 4741 1182 4808 mappula]
1202 4739 1302 4808 saphiri.
1335 4741 1399 4792 al).
