3300 5666
466 851 646 906 auroeruu
668 849 915 904 nrsroumauu.
1142 833 1204 902 229

547 1177 549 1182 ·
573 1163 584 1250 J
603 1157 682 1224 Ore.
708 1157 753 1220 X.

215 1363 311 1426 Lara
331 1365 482 1448 torpente
498 1361 598 1442 senio,
615 1363 870 1428 insurrexerunt
893 1361 930 1424 in
953 1381 1029 1426 eum
1052 1357 1202 1446 praedicti
1216 1367 1349 1448 Thestory

158 1467 253 1530 duces
284 1463 434 1528 Albaniae
465 1469 500 1528 et
524 1463 708 1544 Oomubiae,
734 1463 854 1550 quibus
885 1463 1095 1528 Britanniam
1127 1485 1200 1526 oum
1213 1435 1314 1568 {reppg

156 1567 285 1632 filiabus
315 1565 491 1630 dimiserat.
553 1565 775 1636 Abstulerant
798 1559 840 1630 ab
872 1587 910 1632 eo
947 1589 1086 1652 regnum
1116 1565 1200 1652 ragi-

155 1691 271 1754 amque
293 1673 490 1754 potestatam
506 1691 606 1754 quam
622 1691 726 1754 usque
749 1669 792 1734 ad
815 1669 899 1734 illud
914 1671 1044 1754 tempus
1060 1667 1202 1734 viriliter

155 1775 189 1836 et
209 1769 348 1856 gloriose
378 1775 539 1836 tenuerat.
602 1769 788 1838 Concordia
810 1769 934 1850 habita,
958 1769 1101 1836 retinuit
1125 1793 1200 1836 eum

152 1873 236 1938 alter
272 1895 472 1958 generorum,
498 1873 699 1960 Margannus
737 1873 807 1938 dux
839 1871 1002 1952 Albaniae,
1034 1895 1109 1940 cum
1147 1889 1200 1938 XL.

153 1967 313 2040 militibus
357 1997 400 2040 ne
445 1997 555 2040 secum
601 1975 761 2062 inglorius
799 1979 957 2042 maneret.
1019 1975 1201 2062 Indignata

153 2077 321 2142 Gonorilia
350 2099 435 2142 uxor
473 2077 564 2142 ducis
602 2081 637 2142 et
656 2065 657 2068 ¹
673 2077 744 2142 filia
782 2077 869 2162 regis
908 2079 995 2162 Leyr
1029 2077 1071 2142 da
1104 2081 1201 2142 tanta

151 2177 275 2242 familia
304 2177 460 2244 maritum
490 2199 587 2244 suum
617 2177 739 2244 affatur
761 2185 801 2244 ut
830 2183 968 2268 patrem}
990 2201 1086 2244 suum
1106 2197 1200 2244 *xxm

152 2279 294 2344 militum
333 2279 489 2366 obsequio
527 2281 595 2346 fora
633 2303 702 2346 esse
741 2283 944 2346 contentum.
1003 2281 1104 2346 Unde
1141 2303 1201 2346 rex

150 2381 254 2446 iratus
276 2381 397 2468 petivit
421 2381 655 2468 Oonedagium,
680 2383 796 2448 ducam
830 2381 1015 2462 Cornubiae
1046 2381 1120 2448 cui¹
1156 2383 1202 2446 al-

39 2543 41 2548 .
150 2485 255 2550 teram
299 2487 412 2548 natam
451 2483 566 2570 Ragau
599 2485 824 2564 maritaverat,
863 2507 885 2550 a
923 2507 987 2570 quo
1025 2483 1201 2550 honorifice

55 2655 57 2658 ,
151 2585 339 2672 susceptus2
362 2605 464 2670 usque
487 2583 530 2650 ad
558 2591 697 2672 tempus,
722 2587 780 2652 sed
811 2585 897 2650 infra
920 2609 1045 2650 annum
1069 2587 1202 2652 desiste-

150 2687 230 2752 bat³
261 2687 303 2750 ab
332 2709 440 2750 amora
471 2691 505 2752 et
536 2687 666 2752 honore.
721 2687 755 2750 N
757 2709 812 2750 am
838 2707 925 2750 uxor
957 2687 1048 2752 ducis
1081 2687 1200 2752 marito

150 2811 207 2854 suo
240 2811 299 2874 per
329 2789 467 2854 numina
488 2789 564 2854 coeli
589 2787 720 2874 juravit
750 2789 840 2874 quod
870 2789 1062 2854 nuilatenus
1091 2811 1199 2854 secum

150 2897 368 2956 commaneret
404 2889 476 2966 nisi,
510 2891 699 2976 postpositis
731 2891 867 2970 casteria,
892 2890 960 2954 solo
988 2891 1094 2956 milite
1125 2913 1201 2954 con-

150 2997 261 3058 tentus
290 2989 426 3056 fuisset.4
486 2991 685 3078 Increpabat
717 2989 843 3058 etiam⁵
866 3013 942 3056 eum
971 3013 1084 3070 senam
1107 2993 1201 3056 etin

150 3097 240 3160 nulla
278 3117 313 3160 re
351 3095 578 3160 abundantem
618 3095 703 3158 velle
742 3115 818 3158 cum
859 3097 956 3160 tanta
992 3095 1119 3160 familia
1151 3095 1201 3158 in·

147 3199 281 3276 cedare3
320 3197 514 3264 necessitate
540 3201 680 3284 urgente
710 3197 823 3284 paruit
854 3197 942 3284 Leyr
964 3201 998 3262 et
1028 3219 1101 3262 cum
1130 3197 1200 3262 solo

149 3299 253 3366 milite
275 3299 441 3364 remansit.

191 3401 240 3464 At
277 3421 350 3466 cum
380 3401 416 3466 in
455 3401 612 3466 memoria
647 3401 800 3488 pristinae
835 3401 1009 3486 dignitatis
1046 3399 1200 3466 reductus

149 3501 270 3584 fuisset,
296 3503 492 3568 detestando
521 3501 688 3566 miseriam
719 3501 757 3566 in
788 3523 855 3586 qua
885 3505 1032 3582 steterat,
1057 3501 1200 3586 cogitare

147 3607 246 3692 coepit
281 3605 369 3692 quod
395 3607 498 3670 filiam
529 3603 697 3690 juniorem
731 3605 768 3668 in
798 3605 948 3690 partibus
972 3605 1200 3668 transmarinis

147 3707 262 3786 adiret,
284 3707 342 3772 sed
370 3707 546 3772 dubitabat
570 3707 676 3792 ipsam
698 3703 749 3770 nil
782 3705 863 3770 boni
886 3707 951 3770 sibi
974 3705 1088 3784 facere,
1121 3725 1200 3788 quo-

146 3807 237 3892 piam
260 3831 333 3872 eam
354 3813 425 3872 tam
456 3807 632 3894 ingloriose
660 3807 813 3872 dedisset.
872 3807 1056 3890 Indignaris
1086 3811 1200 3870 tamen

148 3907 313 3976 miseriam
336 3931 429 3974 suam
452 3911 577 3974 diutius
599 3911 684 3974 ferre
708 3909 833 3974 Gallias
855 3907 1092 3974 transfretavit.
1132 3907 1198 3972 Sed

148 4033 220 4080 curu
248 4011 392 4076 tarram⁶
422 4013 623 4076 Francorum
646 4013 826 4098 aspexisset
848 4031 923 4076 cum
953 4011 1035 4076 fletu
1067 4013 1102 4076 et
1132 4011 1197 4076 siu*

149 4115 244 4214 gultu
281 4115 318 4178 in
346 4113 417 4180 haec
447 4115 550 4180 verba
588 4115 761 4202 prorupit:
801 4113 1091 4180 Oirrevocabilia
1113 4115 1197 4182 seria

734 4315 1193 4324 -......--.-.--..-..--.....-.....-.-.-ι.-,.--..--.ο.

181 4433 364 4508 ¹Conadcpiam
382 4477 388 4494 .
407 4477 413 4492 .
431 4477 438 4494 .
455 4439 509 4508 cui]
536 4427 658 4494 Written
695 4457 797 4494 annum.
831 4441 866 4492 A.
899 4441 942 4492 the
965 4439 1050 4494 letters
1071 4445 1161 4494 caud
1184 4435 1197 4492 ir

149 4533 216 4582 upon
227 4535 260 4570 an
271 4535 369 4572 erasure
382 4519 409 4568 in
419 4521 453 4570 A.
695 4523 771 4586 being
783 4519 962 4586 superscribed.

182 4635 339 4700 εενιεεαρίιιε]
360 4643 403 4688 est.
437 4637 494 4686 add.
529 4637 559 4686 Β.
728 4601 946 4742 Zffiffetesseg
974 4599 1005 4652 B‘

184 4749 300 4800 8<ararum
332 4731 492 4818 [desistebat]¹¹
518 4751 651 4804 desistebat
729 4757 852 4822 Uarrum]
872 4763 946 4808 terra.
981 4757 1014 4808 D.
