3300 5666
416 795 456 860 56
713 805 893 860 nonomen
916 803 1167 864 maronianum.

252 991 290 1044 of
298 991 369 1056 Asia,
417 983 543 1058 Lobeth
572 983 662 1070 regio
688 983 873 1070 principum
907 983 943 1048 in
975 981 1088 1050 eadem
1121 983 1161 1048 de
1189 1005 1260 1070 qua,
1292 985 1330 1050 ut
1360 1001 1458 1070 supra

251 1061 405 1180 ἔξω
416 1087 495 1168 dixi,
511 1085 682 1154 Gabalene.
722 1085 850 1152 Messon
863 1085 954 1174 ragio
969 1085 1075 1154 Indiae
1089 1085 1126 1152 in
1142 1107 1207 1172 qua
1224 1085 1459 1154 habitaverunt

367 1195 368 1200 ’
416 1191 478 1256 filii
498 1189 624 1268 Jectan,
649 1191 682 1256 θὴ
704 1189 766 1254 fflii
789 1189 910 1266 Heber.
964 1189 1085 1256 Mache,
1103 1189 1194 1278 regio
1216 1189 1303 1276 regis
1331 1189 1458 1256 Gessur.

417 1295 553 1378 Masoga
574 1297 608 1358 et
635 1293 736 1358 Maon
758 1291 979 1358 Moabitarum
1002 1297 1080 1358 sunt
1103 1293 1258 1380 regiones,
1282 1295 1322 1358 ut
1348 1289 1461 1358 scribit

416 1397 584 1472 ieremias.
632 1395 798 1480 Magedan
833 1395 944 1480 regio¹
974 1397 1017 1460 ad
1040 1393 1132 1478 cujus
1159 1397 1250 1472 fines,
1282 1397 1461 1460 seeundum

416 1499 596 1562 Mathaeum
619 1495 874 1584 Evangelistam,
895 1497 1056 1560 Dominus
1079 1497 1233 1580 pervenit
1256 1497 1462 1584 praedicando

416 1605 450 1664 et
470 1599 611 1664 ulterius
632 1621 700 1664 non
722 1597 900 1684 processit3
924 1597 1055 1662 Marcus
1084 1597 1173 1662 idem
1195 1601 1346 1666 testatur.
1391 1599 1461 1664 Na-

415 1703 528 1766 baioth
550 1701 639 1788 regio
662 1704 712 1766 est
734 1701 777 1766 de
799 1721 865 1784 qua
888 1699 1002 1766 scribit
1025 1699 1196 1766 ieremias.
1243 1701 1350 1788 Ophir
1372 1701 1461 1788 regio

415 1809 465 1870 est
487 1801 567 1888 qui2
590 1823 710 1868 nomen
732 1803 857 1888 accepit
891 1801 932 1868 ab
956 1823 1023 1868 uno
1046 1803 1086 1868 de
1109 1803 1248 1888 posteris
1280 1803 1392 1870 Heber
1413 1805 1463 1868 ita

415 1901 571 1974 vocatus.8
616 1903 815 1968 Philistiim4
837 1905 927 1992 regio
948 1905 1023 1986 fuit,
1043 1903 1155 1970 nuno⁵
1169 1901 1307 1972 vocatur
1322 1907 1464 1970 Ascalon

415 2013 449 2074 θὴ
459 2009 560 2094 juxta
575 2027 649 2072 eam
663 2007 754 2096 regio
778 2007 974 2074 Palaestince.
1022 2009 1148 2072 Pontus
1169 2009 1260 2096 regio
1283 2009 1463 2072 multarum

414 2107 562 2196 gentium
590 2111 690 2194 juxta
724 2111 816 2176 Mare
840 2109 1026 2190 Ponticum,
1049 2111 1136 2198 quod
1158 2111 1275 2176 Asiam
1299 2115 1332 2176 et
1359 2111 1462 2176 Euro-

414 2233 492 2300 pam
515 2213 732 2278 discriminat.
781 2213 948 2278 Reblatha
970 2213 1049 2278 urbs
1073 2217 1123 2278 est
1146 2235 1219 2300 quae
1239 2235 1328 2278 nnnc
1346 2213 1465 2278 Antio-

415 2315 488 2380 chia
521 2315 653 2382 dicitur.
713 2315 819 2382 Saron
851 2315 957 2402 (cujus
997 2315 1101 2382 isaias
1139 2315 1293 2384 meminit
1331 2315 1464 2382 dicens:

415 2417 457 2488 In
478 2419 615 2504 paludes
635 2441 750 2486 versus
774 2423 824 2486 est
848 2419 967 2506 Saron)
990 2419 1081 2506 regio
1116 2423 1167 2486 θεὴ
1199 2419 1290 2484 inter
1317 2419 1466 2486 Montem
1544 2415 1545 2418 '

415 2519 546 2590 Thabor
567 2525 602 2588 et
635 2525 790 2608 stagnum
824 2521 1030 2600 Tiberiadis;
1067 2521 1173 2586 omnis
1196 2525 1286 2588 terra
1310 2519 1466 2588 casarea

414 2643 516 2708 usque
551 2623 594 2690 ad
628 2625 787 2712 oppidum
818 2623 842 2690 J
844 2645 940 2712 eppe,
965 2623 1108 2690 Saronas
1132 2625 1262 2690 dicitur.
1320 2621 1467 2690 Theman

414 2723 504 2812 regio
526 2727 712 2814 principum
744 2727 859 2804 Edam,
883 2729 920 2792 in
941 2731 1031 2792 terra
1055 2727 1255 2806 Gabaletiea
1278 2747 1299 2790 a
1321 2725 1469 2804 Theman

415 2829 483 2892 filio
515 2831 657 2916 Eliphaz
690 2825 783 2894 filio6
821 2829 912 2894 Esau
944 2829 1064 2894 sortita
1088 2828 1298 2895 vocabulum.
1355 2827 1469 2894 Distat

414 2931 501 3002 enim
523 2931 608 2996 villa
641 2931 789 2996 Theman
822 2931 866 2996 ab
896 2931 977 2996 urhe
1011 2929 1120 3010 Petra,
1153 2931 1212 2996 ubi
1245 2929 1468 2996 Romanorum

413 3031 604 3120 praesidium
636 3033 810 3114 residebas,
844 3055 864 3098 a
898 3051 928 3098 v.
961 3033 1096 3098 milibus
1104 3033 1126 3114 3⁷
1157 3033 1327 3098 sciendum
1357 3037 1469 3098 autem

414 3133 502 3218 quod
536 3135 642 3200 omnis
666 3135 834 3200 Australis
860 3137 951 3222 regio
975 3135 1140 3202 Hebraico
1163 3135 1314 3200 Theman
1337 3135 1468 3200 dicitur.

416 3235 589 3302 Thalassar
611 3237 701 3324 regio
725 3241 776 3302 θεὴ
806 3237 924 3322 Syriae.
986 3237 1071 3304 Haec
1097 3239 1138 3302 de
1160 3237 1251 3304 Asiae
1281 3239 1477 3324 regionibus

419 3337 507 3404 dicta
529 3339 700 3420 sufficiant,
724 3361 813 3406 nunc
828 3341 877 3406 'de
892 3339 1004 3406 Africa
1026 3341 1173 3408 breviter
1196 3341 1353 3406 dicamus.

854 3635 934 3704 Onr.
958 3635 1049 3702 LXI.

788 3823 958 3914 Repetitio
980 3821 1129 3914 Africa*

258 4027 402 4090 ornata,
469 4015 607 4084 Armua
636 4015 730 4104 quasi
755 4015 863 4104 Libya
887 4013 997 4082 dicta⁸
1027 4037 1065 4080 eo
1090 4013 1179 4098 quod
1200 4013 1278 4078 inde
1303 4013 1382 4080 Libs
1408 4013 1478 4080 flat.

258 4097 385 4212 ffislfa'
425 4115 614 4204 Pentapolis
659 4139 679 4182 a
717 4119 864 4204 quinque
897 4115 1046 4182 urbibus
1082 4115 1297 4204 nuncupatass’
1345 4115 1479 4196 scilieet,

459 4401 554 4466 'repio]
574 4407 618 4450 eet.
636 4403 693 4450 add.
710 4401 776 4450 B.D.
1005 4403 1102 4468 ὅθιιιθθ]
1121 4419 1186 4468 quae.
1203 4417 1290 4468 praem.
1307 4403 1371 4454 RD.

459 4481 537 4544 ²qui]
554 4493 618 4544 quoe.
653 4481 717 4530 B.D.
1006 4481 1090 4548 ὅ]ἲὴίο]
1109 4481 1164 4532 filii.
1199 4483 1229 4532 B.

461 4561 593 4622 8υθθαὴιιε]
611 4571 709 4608 vocato.
743 4557 809 4608 RD.
1007 4561 1134 4628 ⁷militae]
1154 4561 1303 4612 miliaribus.
1337 4561 1402 4612 B.D.

462 4637 625 4702 wistano]
653 4635 798 4700 Philistijm.
822 4637 857 4688 A.
875 4637 935 4688 Phi·
1007 4639 1107 4706 ⁸dicto]
1127 4649 1172 4692 est.
1190 4643 1247 4690 add.
1265 4641 1330 4690 RD.

430 4719 521 4770 listum.
558 4717 613 4772 D.
672 4765 679 4780 ,
1007 4719 1182 4786 muncupata]
1202 4727 1246 4770 est.
1264 4721 1320 4770 add.
1338 4719 1402 4770 B.D.
