3300 5666
508 823 687 874 uuuoeruu
710 821 955 872 meronmnuu.
1189 803 1253 876 127

208 997 337 1076 triotaa1
362 999 604 1065 fraternitatem
628 1001 827 1078 consecrant,
845 995 969 1064 foedera
992 995 1204 1082 conjungunt,
1217 995 1253 1058 in
1266 1021 1413 1072 treuna-

208 1105 297 1194 quo2
320 1105 404 1172 alter
429 1105 564 1170 alterius
596 1105 789 1192 sanguinem
821 1109 937 1190 sponte
973 1103 1080 1170 fusum
1113 1087 1413 1208 sitiunt3ssss¹i²gaffig

207 1211 356 1276 alumnos
377 1213 411 1274 et
433 1207 667 1274 collactaneos³
690 1206 931 1294 aliquantulum
956 1207 1106 1292 diligunt,
1137 1207 1374 1274 fratresinhabit-

207 1317 241 1378 et
275 1315 431 1396 cognatos
470 1315 719 1398 persequuntur,
752 1311 848 1376 vivos
887 1309 1063 1398 desipiunt,
1107 1313 1253 1376 mortuos
1266 1299 1327 1340 ants.

207 1413 415 1478 ulciscuntur.

251 1517 293 1580 In
324 1515 386 1580 hae
422 1519 520 1604 gente
559 1517 766 1604 quamplures
806 1515 872 1580 viri
910 1517 1061 1598 sedendO,
1101 1517 1252 1582 mulieres

204 1619 323 1684 stando
345 1617 477 1684 urinam
500 1619 668 1684 emittunt.
718 1617 783 1684 In⁴
806 1619 867 1682 hae
897 1623 987 1684 terra
1010 1623 1043 1684 et
1074 1621 1110 1684 in
1131 1619 1251 1686 Wallia

205 1721 333 1786 vetulas
370 1721 526 1806 quasdam
561 1721 597 1786 in
635 1721 798 1786 formano⁵
844 1721 1025 1808 leporinam
1061 1709 1188 1790 dieunt
1217 1745 1251 1790 se

203 1827 432 1900 transmutare,
473 1823 573 1888 ubera
616 1823 769 1888 vaooinea
815 1825 975 1910 sugendo,
1019 1825 1162 1890 alienum
1200 1827 1250 1892 lae

203 1925 350 2004 furendo
372 1925 548 2010 leporariae
570 1947 689 2012 magno
710 1949 806 1992 eursu
828 1927 1005 2014 fatiganda.

248 2027 290 2090 Iu
312 2027 373 2092 hae
398 2027 507 2092 insula
528 2027 634 2092 multa
658 2033 736 2094 sunt
758 2031 917 2094 miranda.
935 2031 977 2094 de
1000 2029 1119 2114 quibus
1140 2033 1250 2118 aliqua

203 2135 341 2222 paucula
368 2139 511 2222 tangam,
536 2157 609 2222 quae
636 2135 769 2222 quidem
806 2137 841 2202 in
875 2135 940 2202 illis
972 2137 1122 2222 partibus
1145 2139 1250 2204 arllruo

203 2231 362 2306 visuntur.

608 2521 688 2588 Orr.
714 2519 835 2588 OLXI.

464 2675 515 2744 De
535 2675 759 2744 Mtrubo‘la'bae
777 2677 983 2744 Hiberatcr.⁶
1087 2723 1088 2726 =

245 2851 313 2916 EST
335 2849 371 2914 in
395 2855 489 2936 parto
514 2851 643 2916 Boreali
668 2849 842 2916 Hiberniae
868 2851 977 2914 insula
1003 2851 1189 2916 viventium
1211 2851 1404 2918 inuersa*

200 2977 264 3042 qua
284 2953 367 3020 mori
389 2975 486 3020 nemo
506 2959 623 3040 potest,
647 2955 705 3020 sed
728 2975 801 3018 oum
824 2953 952 3020 detenti
974 2943 1102 3020 diutino
1126 2955 1248 3020 fuerint
1259 2933 1316 3052 {gg
1325 2951 1389 3052 ’ἔβη

197 3059 362 3144 languore,
394 3057 437 3122 ad
460 3057 643 3144 proximam
671 3055 864 3122 deferuntur
894 3055 1045 3138 insulam,
1070 3059 1103 3122 et
1133 3059 1247 3122 statim
1352 3039 1358 3052 ⁴
1451 3049 1454 3054 ’

200 3161 393 3224 moriuntur.

242 3261 304 3326 Est
326 3263 393 3326 alia
414 3261 522 3326 insula
544 3261 580 3328 in
603 3281 668 3346 qua
691 3261 844 3326 mulieres
875 3281 988 3348 parere
1010 3281 1079 3326 non
1101 3265 1247 3348 possunt,

199 3365 364 3450 consipere
391 3367 538 3452 possunt.
716 3437 719 3442 ¹

243 3467 305 3530 Est
339 3471 374 3532 et
407 3467 472 3532 alia
506 3467 541 3530 iu
573 3485 638 3552 qua
669 3469 876 3530 mortuorum
899 3485 1034 3552 corpora
1065 3467 1248 3554 putrescere

198 3587 264 3634 non
287 3573 434 3656 possunt.
535 3591 537 3596 ’

242 3671 306 3736 use
335 3671 425 3736 loeus
454 3671 492 3734 in
523 3671 664 3736 Ultonia
686 3671 829 3734 insulam
853 3669 1025 3734 continens
1046 3667 1247 3752 bipartitam,

198 3795 272 3860 pars
292 3773 361 3840 'una
384 3773 632 3840 visitationibus
655 3771 858 3860 Angelorum
881 3775 1021 3852 assueta,
1047 3771 1151 3858 altera
1173 3769 1250 3836 Dee-

151 3917 155 3928 -.
198 3897 333 3942 monum
363 3875 570 3942 incursibue⁷
599 3875 748 3962 fatigata,
773 3875 809 3942 in
843 3899 909 3962 qua
941 3877 991 3938 est
1017 3873 1249 3960 Purgatorium
1262 3893 1393 3950 Therm-

103 4001 108 4064 f
199 3977 313 4046 Sancti
347 3977 492 4060 Patrioii‚
517 3977 605 4064 quod
628 3979 761 4064 quidem
785 3977 934 4044 obtinere
957 3977 1106 4064 precibus
1129 3977 1250 4042 meruit
1262 3973 1351 4034 gatory
1362 3969 1392 4016 ⁰f

199 4081 240 4146 ad
266 4081 547 4148 confirmationem
570 4081 651 4148 dieti
677 4083 737 4160 eui,
762 4083 840 4148 dum
863 4079 985 4170 populo
1016 4079 1183 4146 ineredulo
1208 4079 1249 4144 de
1262 4031 1407 4088 b'Pfflmk'

690 4283 782 4290 ...mnu-..-

230 4417 237 4446 ³
249 4415 425 4484 compatriota]
440 4417 623 4482 compatriotas,
635 4417 699 4468 B.D.
779 4419 788 4446 ⁵
792 4417 922 4484 formosa]
948 4417 990 4468 On
1002 4433 1035 4468 an
1046 4433 1146 4470 erasure
1157 4419 1183 4470 io
1195 4421 1227 4470 Ι).

230 4497 312 4562 ²quu]
327 4495 424 4560 quibus,
458 4497 523 4546 B.D.
777 4497 1008 4548 enarraturus
1014 4497 1154 4566 Hiberum]
1163 4499 1246 4550 omli.

229 4573 417 4638 ³oollcrotaneos]
454 4567 619 4628 colletaneos.
665 4577 699 4626 A.
776 4577 947 4642 ⁷r'rroursilms]
962 4577 1082 4628 cursibus.
1106 4579 1171 4630 Bu).
1207 4579 1247 4628 Do

201 4653 371 4704 collectaneos.
407 4653 438 4704 B.
743 4655 837 4706 insulis
863 4655 996 4722 Angelius
1017 4665 1042 4706 et
1060 4657 1197 4708 Diaboliois
1220 4657 1245 4708 in

228 4731 237 4760 ⁴
249 4731 300 4780 Pro
311 4733 477 4784 venatoribus
490 4733 517 4784 iu
529 4747 608 4798 marg.
631 4733 699 4784 A.D.
722 4751 725 4792 !
743 4751 820 4800 marg.
833 4735 901 4788 Μ).
