3300 5666
407 809 449 876 82
704 817 883 874 annosum
905 815 1152 874 nrsronrnnuu.

242 1007 280 1064 01
290 1007 397 1064 Ratun.
407 999 531 1068 iaiam¹
573 1001 816 1080 Germanorum,
846 1001 900 1068 vel
933 1001 969 1068 vi
1003 1003 1036 1068 oi
1069 999 1166 1066 armis
1203 1021 1260 1088 per
1294 999 1451 1068 Briionos'

408 1109 565 1192 snsoopia,
597 1111 631 1172 oi
659 1105 701 1174 ab
724 1105 769 1176 eis
791 1103 984 1184 inhabiiaia,
1013 1103 1091 1190 quia
1112 1127 1214 1192 usquo
1235 1103 1299 1172 huo
1328 1127 1449 1172 nomon

408 1213 444 1276 oi
472 1229 574 1298 genus
604 1209 778 1278 Briionuno
811 1209 858 1278 ibi
890 1213 1085 1296 perseverai.
1129 1205 1174 1274 Ei
1205 1207 1353 1294 quamvis
1381 1207 1450 1274 haeo

408 1311 585 1378 Britannia
614 1313 649 1378 in
677 1311 793 1378 multis
815 1313 912 1378 laude
935 1313 978 1376 sii
1013 1313 1122 1398 digna,
1145 1333 1214 1378 non
1242 1313 1314 1378 ideo
1341 1317 1452 1400 poiosi

407 1413 477 1480 filia
500 1407 601 1480 matri
623 1415 813 1500 oomparari,
840 1414 978 1498 ideoque
1007 1415 1117 1480 Minor
1144 1415 1319 1480 Britannia
1346 1415 1455 1480 uone2

407 1521 519 1604 poiosi
542 1517 614 1598 dini,
647 1517 726 1602 quia
754 1539 814 1584 neo
851 1539 987 1584 numero
1020 1517 1133 1604 populi
1162 1539 1222 1584 neo
1244 1517 1362 1584 meriio
1397 1517 1458 1584 soli

408 1625 520 1706 poiesi
543 1619 654 1686 Minor
677 1619 795 1706 Majori
818 1619 988 1706 coaequari.
1031 1621 1104 1688 Hoc
1128 1619 1260 1688 Solinus
1275 1625 1308 1688 oi
1323 1620 1460 1688 Plinius.

410 1721 462 1790 Da
484 1721 623 1790 urbibus
646 1721 831 1790 Britannias
855 1721 993 1810 Majoris
1017 1729 1051 1792 oi
1070 1725 1116 1794 da
1133 1725 1310 1814 prouinciis
1333 1727 1368 1790 in
1388 1747 1461 1814 pos-

410 1825 522 1896 terum
543 1829 594 1896 osi
616 1825 797 1896 dicandum.

839 2115 919 2184 Ora.
944 2117 1045 2186 XCV.

531 2307 581 2374 Do
604 2305 805 2374 Provinciis
827 2303 869 2372 ia
891 2305 1030 2374 Isidoro
1052 2327 1126 2372 aon
1148 2305 1349 2374 nominatis.

252 2499 347 2578 orthon
466 2497 663 2566 SECUNDUM
695 2497 860 2564 isidorum
887 2501 921 2564 si
951 2499 1125 2564 Rabanum
1155 2499 1265 2586 piures
1293 2499 1471 2586 provinciae
1515 2559 1516 2562 ,

251 2575 401 2698 ss‘ssffiy
420 2603 459 2668 in
488 2603 596 2670 ‘oribus
627 2603 744 2668 mundi
776 2603 928 2690 pariibus
959 2603 995 2668 in
1026 2625 1140 2670 eornm
1172 2601 1267 2666 libris
1297 2623 1365 2668 non
1395 2609 1473 2670 suni

253 2703 366 2818 {ffis
421 2711 626 2788 nnmaraiae3
667 2705 795 2772 Plinius
823 2729 901 2772 vero
931 2705 1026 2792 plura
1059 2709 1300 2786 commemorai,
1334 2727 1474 2792 quorum

254 2837 345 2888 baum..
423 2809 561 2876 nomina
590 2815 669 2876 suni
691 2809 869 2892 rooiianda,
892 2807 971 2876 liooi
992 2815 1106 2876 iamon
1128 2831 1196 2874 non
1220 2809 1287 2874 sini
1307 2809 1416 2896 posiia
1439 2809 1476 2874 in

423 2933 487 2978 sua.
513 2911 631 2978 mundi
656 2917 760 3000 pario,
785 2911 842 2978 sad
866 2911 1046 2998 aliquando
1069 2911 1185 2978 ordino
1208 2913 1400 2998 reirogrado
1421 2913 1478 2978 vol

422 3015 537 3080 ordino
575 3019 792 3102 praeposier03
840 3015 881 3080 do
920 3015 1040 3100 quibus
1078 3015 1207 3080 Plinius
1246 3021 1478 3080 commemorat

422 3139 490 3186 non
527 3123 607 3182 suni
645 3119 819 3202 oneranda,
852 3119 948 3206 ponii
982 3125 1097 3184 iamen
1134 3119 1260 3184 insulas
1298 3139 1371 3202 quae
1400 3125 1479 3184 suni

422 3221 602 3310 provinciae
618 3227 652 3288 ei
676 3223 837 3310 regiones,
852 3227 892 3290 ui
908 3221 1086 3290 Briiannia
1108 3227 1143 3290 oi
1160 3221 1290 3310 Cyprus
1313 3225 1347 3288 ei
1364 3219 1479 3288 Oioilia

425 3325 459 3392 ei
473 3323 580 3392 mulia
602 3323 690 3392 aliar

841 3611 921 3680 uri.
946 3611 1067 3680 XOVI.

849 3803 900 3872 Do
914 3801 1059 3872 Aiuuiu.

266 3981 412 4038 ofnunia.
480 3995 624 4064 Aaron
638 3993 744 4082 prima
758 4013 834 4082 pars
850 3997 900 4060 osi
923 3989 1096 4080 Soyihiae,⁴
1117 4013 1189 4076 quoa
1210 3991 1316 4078 prima
1338 3995 1373 4058 oi
1394 4013 1490 4058 max-

436 4097 504 4160 ima
533 4119 610 4184 pars
641 4095 862 4182 astrasapes,
887 4117 961 4182 quas
992 4093 1125 4180 Europa
1147 4097 1219 4160 ioio
1250 4095 1337 4160 Mari
1367 4095 1489 4180 Magno

438 4199 649 4286 conjungiinr
671 4205 705 4266 ei
729 4199 767 4264 in
794 4195 963 4266 Insulam⁵
991 4197 1099 4264 Gades
1125 4197 1264 4280 finiiur3
1289 4217 1364 4286 pars
1388 4195 1492 4286 igitur

1049 4387 1487 4398 *QO

473 4515 739 4582 ¹ioopportuaitotem]
773 4515 939 4580 inportuosa·
1025 4513 1169 4582 *Scytiiae]
1189 4515 1268 4568 Sitia.
1295 4513 1362 4568 ΑΒ,
1397 4517 1492 4576 sithiae.

440 4605 499 4650 tam.
533 4597 564 4648 B.
597 4595 791 4658 iporiunitaiem.
824 4595 860 4646 D,
991 4595 1025 4646 D.
1055 4595 1084 4644 iu
1108 4595 1155 4644 ink
1172 4597 1223 4646 and
1232 4595 1362 4646 character
1380 4595 1497 4646 different

474 4675 566 4742 ²ieae]
580 4691 629 4724 om.
666 4677 696 4726 B.
992 4667 1058 4724 from
1068 4681 1178 4724 conten.

476 4753 571 4808 ”multu
584 4755 649 4824 aiio]
662 4753 747 4806 multa
760 4755 822 4808 alias.
859 4757 924 4810 B.D.
1029 4753 1281 4820 ⁵Iasuiom]1nsula.
1318 4755 1383 4806 ul).
1460 4781 1462 4784 ·
