<?xml version="1.0" encoding="UTF-8"?>
<!DOCTYPE html PUBLIC "-//W3C//DTD XHTML 1.0 Transitional//EN"
    "http://www.w3.org/TR/xhtml1/DTD/xhtml1-transitional.dtd">
<html xmlns="http://www.w3.org/1999/xhtml" xml:lang="en" lang="en">
 <head>
  <title>
</title>
<meta http-equiv="Content-Type" content="text/html;charset=utf-8" />
  <meta name='ocr-system' content='tesseract 3.04.00' />
  <meta name='ocr-capabilities' content='ocr_page ocr_carea ocr_par ocr_line ocrx_word'/>
</head>
<body>
  <div class='ocr_page' id='page_1' title='image "./eulogiumhistori00abbegoog_0313.png"; bbox 0 0 3308 5666; ppageno 0'>
   <div class='ocr_carea' id='block_1_1' title="bbox 385 829 1138 892">
    <p class='ocr_par' dir='ltr' id='par_1_1' title="bbox 385 829 1138 892">
     <span class='ocr_line' id='line_1_1' title="bbox 385 829 1138 892; baseline -0.001 -1"><span class='ocrx_word' id='word_1_1' title='bbox 385 829 446 892; x_wconf 70' lang='lat'><strong>224</strong></span> <span class='ocrx_word' id='word_1_2' title='bbox 690 841 871 890; x_wconf 75' lang='lat' dir='ltr'><strong>eunocum</strong></span> <span class='ocrx_word' id='word_1_3' title='bbox 893 839 1138 890; x_wconf 82' lang='lat' dir='ltr'><strong>rnsronmncn</strong></span> 
     </span>
    </p>
   </div>
   <div class='ocr_carea' id='block_1_2' title="bbox 202 1015 1577 2640">
    <p class='ocr_par' dir='ltr' id='par_1_2' title="bbox 202 1015 1577 2640">
     <span class='ocr_line' id='line_1_2' title="bbox 389 1015 1577 1106; baseline -0.004 -24"><span class='ocrx_word' id='word_1_4' title='bbox 389 1039 530 1106; x_wconf 80' lang='lat' dir='ltr'><strong>regnum,</strong></span> <span class='ocrx_word' id='word_1_5' title='bbox 554 1015 632 1104; x_wconf 83' lang='lat' dir='ltr'><strong>quia</strong></span> <span class='ocrx_word' id='word_1_6' title='bbox 661 1019 797 1104; x_wconf 85' lang='lat' dir='ltr'><strong>uterque</strong></span> <span class='ocrx_word' id='word_1_7' title='bbox 826 1019 932 1083; x_wconf 86' lang='lat' dir='ltr'><strong>totam</strong></span> <span class='ocrx_word' id='word_1_8' title='bbox 961 1015 1103 1082; x_wconf 84' lang='lat' dir='ltr'><strong>insulem</strong></span> <span class='ocrx_word' id='word_1_9' title='bbox 1132 1017 1296 1104; x_wconf 86' lang='lat' dir='ltr'><strong>possidere</strong></span> <span class='ocrx_word' id='word_1_10' title='bbox 1326 1019 1423 1082; x_wconf 82' lang='lat' dir='ltr'><strong>eostu-</strong></span> <span class='ocrx_word' id='word_1_11' title='bbox 1530 1045 1531 1048; x_wconf 37' lang='lat'>¹</span> <span class='ocrx_word' id='word_1_12' title='bbox 1576 1037 1577 1040; x_wconf 43' lang='lat'>¹</span> 
     </span>
     <span class='ocr_line' id='line_1_3' title="bbox 208 1117 1576 1210; baseline 0.004 -30"><span class='ocrx_word' id='word_1_13' title='bbox 208 1131 328 1210; x_wconf 65' lang='lat' dir='ltr'><strong>nrempri-</strong></span> <span class='ocrx_word' id='word_1_14' title='bbox 386 1121 470 1186; x_wconf 81' lang='lat' dir='ltr'><strong>obet.</strong></span> <span class='ocrx_word' id='word_1_15' title='bbox 530 1121 738 1206; x_wconf 87' lang='lat' dir='ltr'><strong>Mempricius</strong></span> <span class='ocrx_word' id='word_1_16' title='bbox 772 1123 909 1186; x_wconf 83' lang='lat' dir='ltr'><strong>mortem</strong></span> <span class='ocrx_word' id='word_1_17' title='bbox 947 1119 1077 1184; x_wconf 84' lang='lat' dir='ltr'><strong>fratris·</strong></span> <span class='ocrx_word' id='word_1_18' title='bbox 1103 1121 1291 1184; x_wconf 81' lang='lat' dir='ltr'><strong>machinans</strong></span> <span class='ocrx_word' id='word_1_19' title='bbox 1328 1117 1423 1184; x_wconf 87' lang='lat' dir='ltr'><strong>collo·</strong></span> <span class='ocrx_word' id='word_1_20' title='bbox 1574 1137 1576 1146; x_wconf 67' lang='lat'><strong>¹</strong></span> 
     </span>
     <span class='ocr_line' id='line_1_4' title="bbox 202 1213 1422 1316; baseline 0.001 -31"><span class='ocrx_word' id='word_1_21' title='bbox 202 1213 360 1316; x_wconf 56' lang='lat' dir='ltr'>ffijffirim</span> <span class='ocrx_word' id='word_1_22' title='bbox 386 1225 495 1308; x_wconf 88' lang='lat' dir='ltr'>quium</span> <span class='ocrx_word' id='word_1_23' title='bbox 519 1245 591 1288; x_wconf 90' lang='lat' dir='ltr'><strong>cum</strong></span> <span class='ocrx_word' id='word_1_24' title='bbox 628 1223 742 1286; x_wconf 79' lang='lat' dir='ltr'>Malim</span> <span class='ocrx_word' id='word_1_25' title='bbox 774 1221 876 1288; x_wconf 87' lang='lat' dir='ltr'><strong>inivit</strong></span> <span class='ocrx_word' id='word_1_26' title='bbox 907 1223 1000 1308; x_wconf 84' lang='lat' dir='ltr'><strong>quusi</strong></span> <span class='ocrx_word' id='word_1_27' title='bbox 1034 1223 1237 1288; x_wconf 80' lang='lat' dir='ltr'>concordiam</span> <span class='ocrx_word' id='word_1_28' title='bbox 1268 1223 1422 1298; x_wconf 75' lang='lat' dir='ltr'><strong>facturus</strong></span> 
     </span>
     <span class='ocr_line' id='line_1_5' title="bbox 383 1325 1422 1412; baseline -0.002 -22"><span class='ocrx_word' id='word_1_29' title='bbox 383 1325 437 1390; x_wconf 88' lang='lat' dir='ltr'><strong>sed</strong></span> <span class='ocrx_word' id='word_1_30' title='bbox 464 1325 548 1392; x_wconf 78' lang='lat' dir='ltr'><strong>teede</strong></span> <span class='ocrx_word' id='word_1_31' title='bbox 570 1325 768 1412; x_wconf 73' lang='lat' dir='ltr'><strong>proditionis</strong></span> <span class='ocrx_word' id='word_1_32' title='bbox 791 1325 1015 1390; x_wconf 78' lang='lat' dir='ltr'><strong>inflammatus</strong></span> <span class='ocrx_word' id='word_1_33' title='bbox 1037 1325 1145 1412; x_wconf 88' lang='lat' dir='ltr'><strong>ipsum</strong></span> <span class='ocrx_word' id='word_1_34' title='bbox 1167 1325 1254 1390; x_wconf 87' lang='lat' dir='ltr'><strong>inter</strong></span> <span class='ocrx_word' id='word_1_35' title='bbox 1277 1325 1422 1412; x_wconf 90' lang='lat' dir='ltr'><strong>prolocu-</strong></span> 
     </span>
     <span class='ocr_line' id='line_1_6' title="bbox 382 1427 1421 1516; baseline -0.002 -22"><span class='ocrx_word' id='word_1_36' title='bbox 382 1433 468 1494; x_wconf 85' lang='lat' dir='ltr'><strong>tores</strong></span> <span class='ocrx_word' id='word_1_37' title='bbox 488 1427 662 1494; x_wconf 73' lang='lat' dir='ltr'><strong>interfecit.</strong></span> <span class='ocrx_word' id='word_1_38' title='bbox 717 1427 845 1494; x_wconf 83' lang='lat' dir='ltr'><strong>Deinde</strong></span> <span class='ocrx_word' id='word_1_39' title='bbox 873 1427 991 1514; x_wconf 82' lang='lat' dir='ltr'><strong>adepto</strong></span> <span class='ocrx_word' id='word_1_40' title='bbox 1014 1451 1116 1514; x_wconf 81' lang='lat' dir='ltr'><strong>regno</strong></span> <span class='ocrx_word' id='word_1_41' title='bbox 1150 1433 1280 1494; x_wconf 84' lang='lat' dir='ltr'><strong>tentem</strong></span> <span class='ocrx_word' id='word_1_42' title='bbox 1307 1433 1421 1516; x_wconf 83' lang='lat' dir='ltr'><strong>tyren-</strong></span> 
     </span>
     <span class='ocr_line' id='line_1_7' title="bbox 382 1529 1422 1614; baseline 0.002 -20"><span class='ocrx_word' id='word_1_43' title='bbox 382 1529 492 1594; x_wconf 86' lang='lat' dir='ltr'><strong>nidem</strong></span> <span class='ocrx_word' id='word_1_44' title='bbox 512 1529 659 1596; x_wconf 84' lang='lat' dir='ltr'><strong>exercuit</strong></span> <span class='ocrx_word' id='word_1_45' title='bbox 680 1529 716 1592; x_wconf 87' lang='lat' dir='ltr'><strong>iu</strong></span> <span class='ocrx_word' id='word_1_46' title='bbox 738 1529 895 1614; x_wconf 88' lang='lat' dir='ltr'><strong>populum</strong></span> <span class='ocrx_word' id='word_1_47' title='bbox 928 1533 1016 1614; x_wconf 92' lang='lat' dir='ltr'><strong>quod</strong></span> <span class='ocrx_word' id='word_1_48' title='bbox 1049 1531 1116 1596; x_wconf 87' lang='lat' dir='ltr'><strong>fere</strong></span> <span class='ocrx_word' id='word_1_49' title='bbox 1151 1553 1262 1596; x_wconf 87' lang='lat' dir='ltr'><strong>omnes</strong></span> <span class='ocrx_word' id='word_1_50' title='bbox 1295 1529 1422 1596; x_wconf 85' lang='lat' dir='ltr'><strong>nobiles</strong></span> 
     </span>
     <span class='ocr_line' id='line_1_8' title="bbox 380 1631 1420 1718; baseline 0.002 -22"><span class='ocrx_word' id='word_1_51' title='bbox 380 1631 582 1718; x_wconf 80' lang='lat' dir='ltr'><strong>perimebat3</strong></span> <span class='ocrx_word' id='word_1_52' title='bbox 617 1631 674 1694; x_wconf 83' lang='lat' dir='ltr'><strong>sed</strong></span> <span class='ocrx_word' id='word_1_53' title='bbox 704 1633 738 1694; x_wconf 88' lang='lat' dir='ltr'><strong>ct</strong></span> <span class='ocrx_word' id='word_1_54' title='bbox 769 1635 876 1696; x_wconf 81' lang='lat' dir='ltr'><strong>totam</strong></span> <span class='ocrx_word' id='word_1_55' title='bbox 915 1633 1126 1718; x_wconf 84' lang='lat' dir='ltr'><strong>progeniem¹</strong></span> <span class='ocrx_word' id='word_1_56' title='bbox 1160 1655 1252 1698; x_wconf 84' lang='lat' dir='ltr'><strong>suem</strong></span> <span class='ocrx_word' id='word_1_57' title='bbox 1295 1655 1420 1712; x_wconf 82' lang='lat' dir='ltr'><strong>exosus,</strong></span> 
     </span>
     <span class='ocr_line' id='line_1_9' title="bbox 382 1731 1422 1820; baseline 0.004 -24"><span class='ocrx_word' id='word_1_58' title='bbox 382 1753 614 1818; x_wconf 87' lang='lat' dir='ltr'>quemcumque</span> <span class='ocrx_word' id='word_1_59' title='bbox 637 1731 672 1796; x_wconf 91' lang='lat' dir='ltr'><strong>in</strong></span> <span class='ocrx_word' id='word_1_60' title='bbox 702 1751 804 1820; x_wconf 83' lang='lat' dir='ltr'><strong>regno</strong></span> <span class='ocrx_word' id='word_1_61' title='bbox 834 1731 898 1796; x_wconf 83' lang='lat' dir='ltr'><strong>sibi</strong></span> <span class='ocrx_word' id='word_1_62' title='bbox 930 1737 1099 1802; x_wconf 80' lang='lat' dir='ltr'>succedere</span> <span class='ocrx_word' id='word_1_63' title='bbox 1132 1735 1273 1800; x_wconf 77' lang='lat' dir='ltr'><strong>timebat</strong></span> <span class='ocrx_word' id='word_1_64' title='bbox 1302 1735 1357 1802; x_wconf 83' lang='lat' dir='ltr'><strong>vel</strong></span> <span class='ocrx_word' id='word_1_65' title='bbox 1387 1737 1422 1802; x_wconf 88' lang='lat' dir='ltr'><strong>vi</strong></span> 
     </span>
     <span class='ocr_line' id='line_1_10' title="bbox 380 1833 1422 1924; baseline 0.004 -24"><span class='ocrx_word' id='word_1_66' title='bbox 380 1837 433 1900; x_wconf 84' lang='lat' dir='ltr'><strong>vel</strong></span> <span class='ocrx_word' id='word_1_67' title='bbox 455 1833 637 1922; x_wconf 90' lang='lat' dir='ltr'><strong>proditione</strong></span> <span class='ocrx_word' id='word_1_68' title='bbox 661 1833 874 1920; x_wconf 77' lang='lat' dir='ltr'><strong>opprimebat.</strong></span> <span class='ocrx_word' id='word_1_69' title='bbox 932 1835 1059 1904; x_wconf 84' lang='lat' dir='ltr'><strong>Relicto</strong></span> <span class='ocrx_word' id='word_1_70' title='bbox 1092 1859 1194 1904; x_wconf 78' lang='lat' dir='ltr'><strong>uxore</strong></span> <span class='ocrx_word' id='word_1_71' title='bbox 1217 1839 1352 1924; x_wconf 79' lang='lat' dir='ltr'><strong>proprie</strong></span> <span class='ocrx_word' id='word_1_72' title='bbox 1380 1861 1422 1904; x_wconf 83' lang='lat' dir='ltr'><strong>ex</strong></span> 
     </span>
     <span class='ocr_line' id='line_1_11' title="bbox 380 1937 1422 2026; baseline 0.006 -26"><span class='ocrx_word' id='word_1_73' title='bbox 380 1959 445 2024; x_wconf 87' lang='lat' dir='ltr'><strong>que</strong></span> <span class='ocrx_word' id='word_1_74' title='bbox 480 1937 641 2022; x_wconf 81' lang='lat' dir='ltr'><strong>inciytum</strong></span> <span class='ocrx_word' id='word_1_75' title='bbox 674 1937 831 2022; x_wconf 85' lang='lat' dir='ltr'>juvenem</span> <span class='ocrx_word' id='word_1_76' title='bbox 862 1937 1049 2004; x_wconf 86' lang='lat' dir='ltr'><strong>Ebrencum</strong></span> <span class='ocrx_word' id='word_1_77' title='bbox 1086 1939 1220 2006; x_wconf 90' lang='lat' dir='ltr'><strong>nomine</strong></span> <span class='ocrx_word' id='word_1_78' title='bbox 1264 1947 1422 2026; x_wconf 73' lang='lat' dir='ltr'>genuerat</span> 
     </span>
     <span class='ocr_line' id='line_1_12' title="bbox 378 2039 1421 2126; baseline 0.003 -20"><span class='ocrx_word' id='word_1_79' title='bbox 378 2061 447 2106; x_wconf 80' lang='lat' dir='ltr'><strong>sese</strong></span> <span class='ocrx_word' id='word_1_80' title='bbox 469 2039 685 2104; x_wconf 77' lang='lat' dir='ltr'><strong>sodomitariee</strong></span> <span class='ocrx_word' id='word_1_81' title='bbox 710 2039 873 2126; x_wconf 77' lang='lat' dir='ltr'><strong>voluptati</strong></span> <span class='ocrx_word' id='word_1_82' title='bbox 896 2039 996 2120; x_wconf 90' lang='lat' dir='ltr'><strong>dedit,</strong></span> <span class='ocrx_word' id='word_1_83' title='bbox 1021 2039 1139 2108; x_wconf 75' lang='lat' dir='ltr'><strong>usum2</strong></span> <span class='ocrx_word' id='word_1_84' title='bbox 1163 2041 1300 2106; x_wconf 85' lang='lat' dir='ltr'><strong>Veneris</strong></span> <span class='ocrx_word' id='word_1_85' title='bbox 1324 2047 1421 2108; x_wconf 85' lang='lat' dir='ltr'><strong>notu-</strong></span> 
     </span>
     <span class='ocr_line' id='line_1_13' title="bbox 380 2141 1423 2230; baseline 0.004 -24"><span class='ocrx_word' id='word_1_86' title='bbox 380 2143 482 2206; x_wconf 85' lang='lat' dir='ltr'><strong>relem</strong></span> <span class='ocrx_word' id='word_1_87' title='bbox 506 2141 563 2206; x_wconf 76' lang='lat' dir='ltr'><strong>in³</strong></span> <span class='ocrx_word' id='word_1_88' title='bbox 584 2147 699 2208; x_wconf 86' lang='lat' dir='ltr'><strong>contro</strong></span> <span class='ocrx_word' id='word_1_89' title='bbox 727 2149 882 2210; x_wconf 81' lang='lat' dir='ltr'><strong>naturam</strong></span> <span class='ocrx_word' id='word_1_90' title='bbox 911 2145 1092 2230; x_wconf 69' lang='lat' dir='ltr'><strong>praeferens.</strong></span> <span class='ocrx_word' id='word_1_91' title='bbox 1138 2145 1300 2210; x_wconf 87' lang='lat' dir='ltr'><strong>Vicesimo</strong></span> <span class='ocrx_word' id='word_1_92' title='bbox 1335 2147 1423 2210; x_wconf 89' lang='lat' dir='ltr'><strong>enim</strong></span> 
     </span>
     <span class='ocr_line' id='line_1_14' title="bbox 202 2241 1423 2330; baseline 0.003 -25"><span class='ocrx_word' id='word_1_93' title='bbox 202 2251 322 2330; x_wconf 71' lang='lat' dir='ltr'><strong>Memmi·</strong></span> <span class='ocrx_word' id='word_1_94' title='bbox 380 2243 473 2330; x_wconf 81' lang='lat' dir='ltr'><strong>regni</strong></span> <span class='ocrx_word' id='word_1_95' title='bbox 497 2241 567 2308; x_wconf 69' lang='lat' dir='ltr'><strong>sui*</strong></span> <span class='ocrx_word' id='word_1_96' title='bbox 589 2267 675 2310; x_wconf 85' lang='lat' dir='ltr'><strong>enno</strong></span> <span class='ocrx_word' id='word_1_97' title='bbox 698 2243 777 2310; x_wconf 90' lang='lat' dir='ltr'><strong>dum</strong></span> <span class='ocrx_word' id='word_1_98' title='bbox 807 2251 943 2312; x_wconf 68' lang='lat' dir='ltr'><strong>vener-et</strong></span> <span class='ocrx_word' id='word_1_99' title='bbox 967 2249 1098 2312; x_wconf 86' lang='lat' dir='ltr'><strong>secessit</strong></span> <span class='ocrx_word' id='word_1_100' title='bbox 1119 2269 1140 2312; x_wconf 84' lang='lat' dir='ltr'><strong>e</strong></span> <span class='ocrx_word' id='word_1_101' title='bbox 1161 2247 1255 2312; x_wconf 86' lang='lat' dir='ltr'><strong>sociis</strong></span> <span class='ocrx_word' id='word_1_102' title='bbox 1289 2247 1356 2310; x_wconf 85' lang='lat' dir='ltr'><strong>suis</strong></span> <span class='ocrx_word' id='word_1_103' title='bbox 1387 2249 1423 2310; x_wconf 87' lang='lat' dir='ltr'><strong>iu</strong></span> 
     </span>
     <span class='ocr_line' id='line_1_15' title="bbox 202 2321 1423 2452; baseline 0.004 -43"><span class='ocrx_word' id='word_1_104' title='bbox 202 2321 339 2452; x_wconf 53' lang='lat' dir='ltr'><strong>ffiffiy</strong></span> <span class='ocrx_word' id='word_1_105' title='bbox 380 2345 556 2432; x_wconf 80' lang='lat' dir='ltr'>quemdem</span> <span class='ocrx_word' id='word_1_106' title='bbox 592 2347 780 2426; x_wconf 79' lang='lat' dir='ltr'><strong>convessem,</strong></span> <span class='ocrx_word' id='word_1_107' title='bbox 819 2349 878 2412; x_wconf 80' lang='lat' dir='ltr'><strong>ubi</strong></span> <span class='ocrx_word' id='word_1_108' title='bbox 915 2371 936 2414; x_wconf 84' lang='lat' dir='ltr'><strong>e</strong></span> <span class='ocrx_word' id='word_1_109' title='bbox 972 2347 1186 2414; x_wconf 86' lang='lat' dir='ltr'><strong>multitudine</strong></span> <span class='ocrx_word' id='word_1_110' title='bbox 1220 2347 1423 2414; x_wconf 73' lang='lat' dir='ltr'><strong>rabiosorum</strong></span> 
     </span>
     <span class='ocr_line' id='line_1_16' title="bbox 204 2449 1424 2534; baseline 0.002 -21"><span class='ocrx_word' id='word_1_111' title='bbox 204 2453 300 2504; x_wconf 79' lang='lat' dir='ltr'><strong>wolves.</strong></span> <span class='ocrx_word' id='word_1_112' title='bbox 380 2451 531 2534; x_wconf 85' lang='lat' dir='ltr'><strong>luporum</strong></span> <span class='ocrx_word' id='word_1_113' title='bbox 564 2449 783 2516; x_wconf 81' lang='lat' dir='ltr'><strong>circumdatus</strong></span> <span class='ocrx_word' id='word_1_114' title='bbox 817 2451 996 2516; x_wconf 85' lang='lat' dir='ltr'><strong>miserrime</strong></span> <span class='ocrx_word' id='word_1_115' title='bbox 1035 2453 1212 2518; x_wconf 82' lang='lat' dir='ltr'><strong>devoratus</strong></span> <span class='ocrx_word' id='word_1_116' title='bbox 1246 2455 1302 2516; x_wconf 88' lang='lat' dir='ltr'><strong>est.</strong></span> <span class='ocrx_word' id='word_1_117' title='bbox 1359 2453 1424 2516; x_wconf 84' lang='lat' dir='ltr'><strong>Illo</strong></span> 
     </span>
     <span class='ocr_line' id='line_1_17' title="bbox 381 2551 1425 2640; baseline 0 -22"><span class='ocrx_word' id='word_1_118' title='bbox 381 2557 525 2636; x_wconf 88' lang='lat' dir='ltr'><strong>tempore</strong></span> <span class='ocrx_word' id='word_1_119' title='bbox 554 2551 657 2618; x_wconf 79' lang='lat' dir='ltr'>Saul⁵</span> <span class='ocrx_word' id='word_1_120' title='bbox 690 2555 849 2640; x_wconf 77' lang='lat' dir='ltr'><strong>regnabat</strong></span> <span class='ocrx_word' id='word_1_121' title='bbox 882 2555 919 2618; x_wconf 89' lang='lat' dir='ltr'><strong>in</strong></span> <span class='ocrx_word' id='word_1_122' title='bbox 952 2555 1079 2636; x_wconf 78' lang='lat' dir='ltr'>dudeco,</span> <span class='ocrx_word' id='word_1_123' title='bbox 1122 2561 1156 2620; x_wconf 90' lang='lat' dir='ltr'><strong>ct</strong></span> <span class='ocrx_word' id='word_1_124' title='bbox 1190 2551 1357 2620; x_wconf 78' lang='lat' dir='ltr'><strong>Eristeus6</strong></span> <span class='ocrx_word' id='word_1_125' title='bbox 1389 2553 1425 2618; x_wconf 89' lang='lat' dir='ltr'><strong>in</strong></span> 
     </span>
    </p>
   </div>
   <div class='ocr_carea' id='block_1_3' title="bbox 384 2653 636 2720">
    <p class='ocr_par' dir='ltr' id='par_1_3' title="bbox 384 2653 636 2720">
     <span class='ocr_line' id='line_1_18' title="bbox 384 2653 636 2720; baseline 0 -2"><span class='ocrx_word' id='word_1_126' title='bbox 384 2653 636 2720; x_wconf 72' lang='lat' dir='ltr'><strong>Lacedaemonio.</strong></span> 
     </span>
    </p>
   </div>
   <div class='ocr_carea' id='block_1_4' title="bbox 829 3151 991 3218">
    <p class='ocr_par' dir='ltr' id='par_1_4' title="bbox 829 3151 991 3218">
     <span class='ocr_line' id='line_1_19' title="bbox 829 3151 991 3218; baseline -0.012 0"><span class='ocrx_word' id='word_1_127' title='bbox 829 3151 906 3218; x_wconf 71' lang='lat' dir='ltr'><strong>Otr.</strong></span> <span class='ocrx_word' id='word_1_128' title='bbox 932 3153 991 3218; x_wconf 86' lang='lat' dir='ltr'><strong>IX.</strong></span> 
     </span>
    </p>
   </div>
   <div class='ocr_carea' id='block_1_5' title="bbox 209 3367 1434 4174">
    <p class='ocr_par' dir='ltr' id='par_1_5' title="bbox 209 3367 1434 4174">
     <span class='ocr_line' id='line_1_20' title="bbox 209 3367 1431 3464; baseline 0 -30"><span class='ocrx_word' id='word_1_129' title='bbox 209 3385 340 3464; x_wconf 71' lang='lat' dir='ltr'><strong>Epraneus</strong></span> <span class='ocrx_word' id='word_1_130' title='bbox 432 3367 621 3432; x_wconf 77' lang='lat' dir='ltr'><strong>DanNoro</strong></span> <span class='ocrx_word' id='word_1_131' title='bbox 654 3367 765 3454; x_wconf 74' lang='lat' dir='ltr'><strong>itaque</strong></span> <span class='ocrx_word' id='word_1_132' title='bbox 807 3369 999 3456; x_wconf 86' lang='lat' dir='ltr'><strong>Mempricio</strong></span> <span class='ocrx_word' id='word_1_133' title='bbox 1035 3369 1207 3434; x_wconf 85' lang='lat' dir='ltr'><strong>Ebrencue</strong></span> <span class='ocrx_word' id='word_1_134' title='bbox 1238 3369 1328 3434; x_wconf 91' lang='lat' dir='ltr'><strong>filius</strong></span> <span class='ocrx_word' id='word_1_135' title='bbox 1352 3371 1431 3456; x_wconf 80' lang='lat' dir='ltr'>ejus,</span> 
     </span>
     <span class='ocr_line' id='line_1_21' title="bbox 209 3453 1434 3572; baseline 0 -36"><span class='ocrx_word' id='word_1_136' title='bbox 209 3453 315 3572; x_wconf 46' lang='lat' dir='ltr'><strong>{2¹¹1ng</strong></span> <span class='ocrx_word' id='word_1_137' title='bbox 388 3471 439 3536; x_wconf 86' lang='lat' dir='ltr'><strong>vir</strong></span> <span class='ocrx_word' id='word_1_138' title='bbox 467 3491 595 3556; x_wconf 83' lang='lat' dir='ltr'>megnae</span> <span class='ocrx_word' id='word_1_139' title='bbox 618 3475 755 3536; x_wconf 72' lang='lat' dir='ltr'><strong>staturae</strong></span> <span class='ocrx_word' id='word_1_140' title='bbox 779 3475 814 3536; x_wconf 89' lang='lat' dir='ltr'><strong>et</strong></span> <span class='ocrx_word' id='word_1_141' title='bbox 836 3473 929 3536; x_wconf 79' lang='lat' dir='ltr'><strong>mirre</strong></span> <span class='ocrx_word' id='word_1_142' title='bbox 951 3471 1169 3550; x_wconf 85' lang='lat' dir='ltr'><strong>fortitudinis,</strong></span> <span class='ocrx_word' id='word_1_143' title='bbox 1198 3493 1336 3558; x_wconf 82' lang='lat' dir='ltr'><strong>regnum</strong></span> <span class='ocrx_word' id='word_1_144' title='bbox 1365 3495 1434 3536; x_wconf 83' lang='lat' dir='ltr'><strong>eus-</strong></span> 
     </span>
     <span class='ocr_line' id='line_1_22' title="bbox 386 3573 1432 3662; baseline 0.001 -24"><span class='ocrx_word' id='word_1_145' title='bbox 386 3573 471 3662; x_wconf 89' lang='lat' dir='ltr'><strong>cepit</strong></span> <span class='ocrx_word' id='word_1_146' title='bbox 504 3577 537 3638; x_wconf 92' lang='lat' dir='ltr'><strong>et</strong></span> <span class='ocrx_word' id='word_1_147' title='bbox 572 3589 625 3638; x_wconf 73' lang='lat' dir='ltr'><strong>XL.</strong></span> <span class='ocrx_word' id='word_1_148' title='bbox 659 3593 762 3638; x_wconf 83' lang='lat' dir='ltr'><strong>annos</strong></span> <span class='ocrx_word' id='word_1_149' title='bbox 794 3575 831 3638; x_wconf 91' lang='lat' dir='ltr'><strong>in</strong></span> <span class='ocrx_word' id='word_1_150' title='bbox 865 3595 992 3638; x_wconf 83' lang='lat' dir='ltr'><strong>summo</strong></span> <span class='ocrx_word' id='word_1_151' title='bbox 1023 3595 1101 3660; x_wconf 84' lang='lat' dir='ltr'><strong>poce</strong></span> <span class='ocrx_word' id='word_1_152' title='bbox 1136 3573 1296 3638; x_wconf 75' lang='lat' dir='ltr'><strong>educavit.</strong></span> <span class='ocrx_word' id='word_1_153' title='bbox 1367 3575 1432 3640; x_wconf 91' lang='lat' dir='ltr'><strong>Hic</strong></span> 
     </span>
     <span class='ocr_line' id='line_1_23' title="bbox 383 3675 1431 3764; baseline 0.001 -24"><span class='ocrx_word' id='word_1_154' title='bbox 383 3677 506 3764; x_wconf 89' lang='lat' dir='ltr'><strong>primus</strong></span> <span class='ocrx_word' id='word_1_155' title='bbox 545 3681 619 3762; x_wconf 89' lang='lat' dir='ltr'><strong>post</strong></span> <span class='ocrx_word' id='word_1_156' title='bbox 656 3675 799 3740; x_wconf 88' lang='lat' dir='ltr'><strong>Brutum</strong></span> <span class='ocrx_word' id='word_1_157' title='bbox 837 3675 972 3742; x_wconf 78' lang='lat' dir='ltr'><strong>classem</strong></span> <span class='ocrx_word' id='word_1_158' title='bbox 1010 3675 1047 3740; x_wconf 90' lang='lat' dir='ltr'><strong>in</strong></span> <span class='ocrx_word' id='word_1_159' title='bbox 1090 3681 1200 3762; x_wconf 83' lang='lat' dir='ltr'><strong>partes</strong></span> <span class='ocrx_word' id='word_1_160' title='bbox 1247 3677 1431 3742; x_wconf 76' lang='lat' dir='ltr'><strong>Galliarum</strong></span> 
     </span>
     <span class='ocr_line' id='line_1_24' title="bbox 382 3779 1430 3866; baseline -0.002 -20"><span class='ocrx_word' id='word_1_161' title='bbox 382 3779 487 3860; x_wconf 76' lang='lat' dir='ltr'><strong>duxit,</strong></span> <span class='ocrx_word' id='word_1_162' title='bbox 510 3779 663 3844; x_wconf 76' lang='lat' dir='ltr'><strong>civitates</strong></span> <span class='ocrx_word' id='word_1_163' title='bbox 695 3783 730 3842; x_wconf 93' lang='lat' dir='ltr'><strong>et</strong></span> <span class='ocrx_word' id='word_1_164' title='bbox 764 3779 885 3866; x_wconf 79' lang='lat' dir='ltr'><strong>oppido</strong></span> <span class='ocrx_word' id='word_1_165' title='bbox 906 3779 942 3842; x_wconf 90' lang='lat' dir='ltr'><strong>in</strong></span> <span class='ocrx_word' id='word_1_166' title='bbox 968 3801 1089 3866; x_wconf 80' lang='lat' dir='ltr'>magne</span> <span class='ocrx_word' id='word_1_167' title='bbox 1111 3779 1200 3844; x_wconf 79' lang='lat' dir='ltr'><strong>oaede</strong></span> <span class='ocrx_word' id='word_1_168' title='bbox 1226 3783 1261 3844; x_wconf 91' lang='lat' dir='ltr'><strong>et</strong></span> <span class='ocrx_word' id='word_1_169' title='bbox 1283 3779 1430 3844; x_wconf 88' lang='lat' dir='ltr'><strong>virorum</strong></span> 
     </span>
     <span class='ocr_line' id='line_1_25' title="bbox 382 3881 1431 3968; baseline -0.001 -22"><span class='ocrx_word' id='word_1_170' title='bbox 382 3881 585 3968; x_wconf 76' lang='lat' dir='ltr'><strong>oppressione</strong></span> <span class='ocrx_word' id='word_1_171' title='bbox 614 3881 789 3962; x_wconf 70' lang='lat' dir='ltr'><strong>destruxit,</strong></span> <span class='ocrx_word' id='word_1_172' title='bbox 812 3881 1011 3968; x_wconf 82' lang='lat' dir='ltr'><strong>infinitoque</strong></span> <span class='ocrx_word' id='word_1_173' title='bbox 1035 3881 1108 3946; x_wconf 83' lang='lat' dir='ltr'><strong>euri</strong></span> <span class='ocrx_word' id='word_1_174' title='bbox 1125 3887 1160 3946; x_wconf 89' lang='lat' dir='ltr'><strong>et</strong></span> <span class='ocrx_word' id='word_1_175' title='bbox 1178 3881 1308 3966; x_wconf 81' lang='lat' dir='ltr'><strong>argenti</strong></span> <span class='ocrx_word' id='word_1_176' title='bbox 1336 3881 1431 3968; x_wconf 81' lang='lat' dir='ltr'><strong>copie</strong></span> 
     </span>
     <span class='ocr_line' id='line_1_26' title="bbox 382 3983 1431 4052; baseline -0.004 -2"><span class='ocrx_word' id='word_1_177' title='bbox 382 3987 505 4050; x_wconf 80' lang='lat' dir='ltr'><strong>ditatus</strong></span> <span class='ocrx_word' id='word_1_178' title='bbox 531 4005 605 4048; x_wconf 90' lang='lat' dir='ltr'><strong>cum</strong></span> <span class='ocrx_word' id='word_1_179' title='bbox 620 3983 759 4048; x_wconf 83' lang='lat' dir='ltr'><strong>victoria</strong></span> <span class='ocrx_word' id='word_1_180' title='bbox 779 4005 930 4052; x_wconf 81' lang='lat' dir='ltr'><strong>reversus</strong></span> <span class='ocrx_word' id='word_1_181' title='bbox 952 3989 1010 4048; x_wconf 80' lang='lat' dir='ltr'><strong>est.</strong></span> <span class='ocrx_word' id='word_1_182' title='bbox 1056 3983 1185 4050; x_wconf 87' lang='lat' dir='ltr'><strong>Deinde</strong></span> <span class='ocrx_word' id='word_1_183' title='bbox 1205 3987 1298 4048; x_wconf 85' lang='lat' dir='ltr'><strong>treus</strong></span> <span class='ocrx_word' id='word_1_184' title='bbox 1322 3983 1431 4048; x_wconf 90' lang='lat' dir='ltr'>Hum-</span> 
     </span>
     <span class='ocr_line' id='line_1_27' title="bbox 381 4085 1430 4174; baseline -0.004 -22"><span class='ocrx_word' id='word_1_185' title='bbox 381 4087 479 4158; x_wconf 85' lang='lat' dir='ltr'><strong>brum</strong></span> <span class='ocrx_word' id='word_1_186' title='bbox 502 4085 673 4154; x_wconf 83' lang='lat' dir='ltr'><strong>civitatem</strong></span> <span class='ocrx_word' id='word_1_187' title='bbox 704 4085 861 4172; x_wconf 84' lang='lat' dir='ltr'><strong>condidit,</strong></span> <span class='ocrx_word' id='word_1_188' title='bbox 893 4087 1056 4174; x_wconf 76' lang='lat' dir='ltr'>quamde</span> <span class='ocrx_word' id='word_1_189' title='bbox 1082 4107 1140 4152; x_wconf 91' lang='lat' dir='ltr'><strong>suo</strong></span> <span class='ocrx_word' id='word_1_190' title='bbox 1170 4085 1302 4152; x_wconf 89' lang='lat' dir='ltr'><strong>nomine</strong></span> <span class='ocrx_word' id='word_1_191' title='bbox 1327 4085 1430 4150; x_wconf 83' lang='lat' dir='ltr'><strong>Keer-</strong></span> 
     </span>
    </p>
   </div>
   <div class='ocr_carea' id='block_1_6' title="bbox 418 4523 1341 4766">
    <p class='ocr_par' dir='ltr' id='par_1_6' title="bbox 418 4523 1341 4766">
     <span class='ocr_line' id='line_1_28' title="bbox 419 4523 1168 4606; baseline 0.02 -36"><span class='ocrx_word' id='word_1_192' title='bbox 419 4523 752 4588; x_wconf 71' lang='lat' dir='ltr'><strong>¹proyeuiem]progen1em</strong></span> <span class='ocrx_word' id='word_1_193' title='bbox 786 4525 814 4576; x_wconf 83' lang='lat' dir='ltr'><strong>O.</strong></span> <span class='ocrx_word' id='word_1_194' title='bbox 966 4539 1038 4606; x_wconf 46' lang='lat' dir='ltr'><strong>mni]</strong></span> <span class='ocrx_word' id='word_1_195' title='bbox 1058 4555 1107 4592; x_wconf 75' lang='lat' dir='ltr'><strong>om,</strong></span> <span class='ocrx_word' id='word_1_196' title='bbox 1139 4539 1168 4592; x_wconf 78' lang='lat' dir='ltr'><strong>O.</strong></span> 
     </span>
     <span class='ocr_line' id='line_1_29' title="bbox 418 4601 1341 4684; baseline 0.02 -32"><span class='ocrx_word' id='word_1_197' title='bbox 418 4601 519 4666; x_wconf 70' lang='grc' dir='ltr'><strong>2αεπιηι]</strong></span> <span class='ocrx_word' id='word_1_198' title='bbox 538 4615 594 4650; x_wconf 80' lang='lat' dir='ltr'><strong>usu·</strong></span> <span class='ocrx_word' id='word_1_199' title='bbox 629 4601 658 4662; x_wconf 73' lang='lat'><strong>02</strong></span> <span class='ocrx_word' id='word_1_200' title='bbox 886 4605 888 4610; x_wconf 57' lang='grc'>’</span> <span class='ocrx_word' id='word_1_201' title='bbox 966 4619 1044 4668; x_wconf 79' lang='lat' dir='ltr'>⁵Rex</span> <span class='ocrx_word' id='word_1_202' title='bbox 1064 4619 1130 4670; x_wconf 80' lang='lat' dir='ltr'>Saul.</span> <span class='ocrx_word' id='word_1_203' title='bbox 1150 4619 1177 4668; x_wconf 86' lang='lat' dir='ltr'><strong>in</strong></span> <span class='ocrx_word' id='word_1_204' title='bbox 1196 4635 1274 4684; x_wconf 81' lang='lat' dir='ltr'><strong>marg.</strong></span> <span class='ocrx_word' id='word_1_205' title='bbox 1307 4619 1341 4670; x_wconf 82' lang='lat' dir='ltr'><strong>A.</strong></span> 
     </span>
     <span class='ocr_line' id='line_1_30' title="bbox 418 4679 1326 4766; baseline 0.023 -37"><span class='ocrx_word' id='word_1_206' title='bbox 418 4681 477 4746; x_wconf 71' lang='grc' dir='ltr'><strong>8ιή]</strong></span> <span class='ocrx_word' id='word_1_207' title='bbox 495 4679 531 4730; x_wconf 80' lang='lat' dir='ltr'><strong>vi.</strong></span> <span class='ocrx_word' id='word_1_208' title='bbox 564 4679 594 4730; x_wconf 86' lang='lat' dir='ltr'><strong>B·</strong></span> <span class='ocrx_word' id='word_1_209' title='bbox 968 4697 1115 4764; x_wconf 78' lang='lat' dir='ltr'><strong>⁶Err&#39;eleus]</strong></span> <span class='ocrx_word' id='word_1_210' title='bbox 1134 4697 1172 4748; x_wconf 84' lang='lat' dir='ltr'><strong>ie.</strong></span> <span class='ocrx_word' id='word_1_211' title='bbox 1185 4697 1326 4766; x_wconf 72' lang='lat' dir='ltr'><strong>AEgisthus</strong></span> 
     </span>
    </p>
   </div>
   <div class='ocr_carea' id='block_1_7' title="bbox 0 0 1658 5666">
    <p class='ocr_par' dir='ltr' id='par_1_7' title="bbox 0 0 1658 5666">
     <span class='ocr_line' id='line_1_31' title="bbox 0 0 1658 5666; baseline 0 0"><span class='ocrx_word' id='word_1_212' title='bbox 0 0 1658 5666; x_wconf 95' lang='lat' dir='ltr'><strong> </strong></span> 
     </span>
    </p>
   </div>
  </div>
 </body>
</html>
