3308 5666
250 3275 371 3322 Oeenunlf.

251 3329 362 3374 abaco.

421 861 482 926 164
713 871 894 922 nunoomn
915 869 1161 922 nrsronnnun.

419 1047 506 1118 priam
523 1045 674 1100 libertatem
697 1045 726 1100 in
746 1047 880 1102 fructibus
902 1047 1030 1104 silvarum
1054 1049 1081 1100 et
1105 1063 1233 1116 agrorum
1254 1045 1329 1100 etin
1351 1047 1464 1116 captura

419 1131 543 1202 piscium,
570 1149 621 1184 nec
643 1131 808 1186 munuscula
830 1133 967 1204 praebeant
988 1131 1041 1186 nisi
1061 1129 1223 1204 voluntaria,
1241 1129 1288 1184 sed
1307 1129 1383 1186 liberi
1402 1129 1461 1184 Deo

421 1217 546 1280 serviant,
565 1217 615 1270 etc.
653 1211 706 1270 Cui
731 1217 858 1272 successit
881 1233 927 1270 rex
953 1215 1024 1272 Offa.

458 1297 520 1352 Offa
536 1317 591 1364 rex,
616 1297 735 1370 abnepos
760 1301 867 1364 Pendeo,
893 1299 1044 1356 secundum
1067 1297 1248 1354 Willielmum
1275 1295 1463 1352 Malmesburi·

421 1401 521 1450 ensem,
545 1385 586 1438 vir
614 1381 733 1454 ingentis
767 1383 849 1438 animi
873 1387 900 1438 et
933 1385 981 1456 qui
1012 1381 1104 1436 omnia
1127 1399 1189 1456 quae
1219 1387 1309 1438 mente
1342 1383 1464 1454 concepit

420 1465 521 1522 efficere
539 1467 696 1538 proposuit3
716 1451 893 1540 regnavitdue
911 1483 1023 1522 xxxrx.
1044 1467 1138 1532 annis,
1157 1485 1248 1538 regem
1260 1467 1462 1522 Wcstsaxouun

421 1553 599 1606 Kunewlfum
628 1553 719 1622 palam
749 1569 910 1622 congressus
941 1553 1060 1622 palmam
1090 1553 1185 1608 leviter
1208 1551 1327 1606 obtinuit
1333 1573 1342 1616 ;
1372 1571 1463 1622 regem

420 1635 610 1706 Egelbrihtum
632 1635 817 1690 fraudulenter
835 1635 978 1706 decapitari
998 1637 1070 1700 facit,
1088 1655 1259 1708 regnumque
1282 1637 1462 1692 Orientalium

419 1719 574 1788 Anglomm
598 1717 672 1790 quod
695 1721 818 1774 tenuerat
840 1719 958 1774 indebite
982 1719 1107 1790 pervasit.
1157 1719 1210 1772 Hie
1234 1721 1359 1792 reliquias
1385 1721 1462 1774 Beati

419 1803 528 1868 Albani,
549 1819 636 1874 usque
660 1801 695 1856 ad
713 1801 741 1856 id
759 1807 868 1876 tempus
892 1803 1004 1858 obscure
1021 1803 1181 1868 reconditas,
1199 1809 1347 1860 reverenter
1367 1805 1463 1860 elevari

419 1891 445 1940 et
469 1889 498 1940 iu
522 1885 618 1940 scrinio
643 1903 725 1958 quarn
747 1889 822 1958 regia
847 1889 1058 1958 magnanimitas
1083 1893 1188 1960 potarat
1213 1889 1325 1960 gemmis
1343 1895 1369 1944 et
1397 1907 1462 1946 auro

419 1971 543 2024 decorato
573 1971 699 2042 componi
727 1973 861 2046 praecepit,
888 1973 997 2028 basilica
1025 1973 1199 2044 pulcherrimi
1223 1973 1308 2044 operis
1332 1971 1464 2030 aedificata

419 2059 445 2108 et
457 2053 653 2108 monachorum
665 2057 873 2128 congregatione
885 2057 1020 2128 adjuncta.
1049 2057 1103 2114 Ilio
1116 2057 1207 2112 sedem
1220 2057 1463 2128 archiepiscopatus

421 2139 622 2192 Cantuariensis
640 2139 669 2192 in
687 2139 885 2196 Licbesfeldam
902 2141 1039 2198 transferri
1054 2145 1167 2198 conatus
1184 2147 1232 2206 est,
1245 2145 1272 2198 et
1289 2141 1464 2198 Lambertum

419 2223 657 2294 archiepiscopum,
679 2225 774 2280 multis
797 2224 935 2282 laboribus
950 2225 1105 2296 fatigatum,
1126 2225 1269 2298 crebraque
1291 2225 1366 2282 Sedis
1390 2227 1464 2296 Apo-

419 2309 520 2362 stolicae
534 2313 561 2362 et
575 2327 647 2364 nova
660 2311 687 2362 et
698 2313 787 2364 vetera
798 2309 886 2366 edicta
897 2309 1084 2380 proferentem.
1121 2307 1244 2364 Tandem
1256 2309 1378 2364 omnium
1395 2327 1463 2382 pree-

420 2393 527 2448 diomm
551 2411 612 2464 quae
635 2393 705 2448 inter
727 2395 856 2450 terminos
881 2413 945 2450 suos
969 2399 1053 2462 arant,
1077 2399 1104 2450 ct
1127 2393 1333 2468 episcopatuum
1352 2393 1462 2462 ditione,

419 2479 533 2552 privavit
556 2483 583 2534 et
603 2477 721 2534 obtinuit
745 2479 779 2534 ab
803 2477 924 2534 Adriano
944 2497 1015 2552 papa
1038 2478 1113 2552 quod
1136 2497 1230 2534 omnes
1253 2479 1370 2552 episcopi
1394 2479 1465 2534 Mer-

419 2563 522 2618 ciorum
555 2563 671 2618 eeclesiae
702 2563 898 2620 Liehefeldcnsi
927 2569 960 2618 ut
989 2563 1230 2636 archiepiscopatui
1262 2564 1462 2636 subjicerentur,

419 2649 488 2704 vin:
508 2647 714 2720 Wigoruiensis,
727 2647 949 2720 Legeeestrensis,
963 2647 1200 2714 Siduacestrencis,
1217 2651 1243 2704 et
1265 2647 1464 2714 Herfordensis,

419 2735 447 2786 et
465 2733 582 2804 episcopi
596 2731 776 2786 Orientalium
787 2733 951 2804 Anglorum,
968 2733 1151 2788 Elimanensis
1169 2737 1195 2788 et
1209 2731 1392 2788 Damaeensis.
1413 2731 1464 2788 Re-

419 2821 579 2872 manserunt
596 2815 793 2888 archiepiscopo
814 2817 1002 2874 Cantuariensi
1020 2815 1230 2884 Londoniensis‚
1250 2817 1462 2888 Wyntonieusis,

421 2901 564 2966 Roffensis,
588 2907 614 2956 et
640 2901 789 2958 Seliciensis
814 2903 861 2958 sed
884 2921 934 2958 nec
956 2901 985 2956 in
1009 2901 1052 2956 his
1079 2901 1136 2972 ejus
1166 2903 1297 2972 rapacitas
1321 2901 1395 2958 stetit
1418 2901 1464 2956 sed

419 2987 569 3040 multarum
589 2987 759 3042 ecclesiamm
779 2987 928 3056 prebendas
949 2985 1074 3056 publicus
1095 2987 1224 3056 expilator
1244 2987 1351 3042 abrasit.

458 3071 527 3124 Offae
548 3071 675 3126 successit
695 3071 842 3142 Eglerhtus
856 3071 903 3144 qui
923 3069 1014 3126 sedule
1030 3073 1147 3142 paternae
1167 3071 1341 3126 immanitatis
1353 3069 1467 3142 vestigia

422 3155 558 3210 declinans
583 3155 721 3226 privilegia
745 3155 870 3210 onmium
893 3154 1071 3220 ecclesiarum,
1094 3173 1155 3228 quoe
1180 3155 1284 3226 genitor
1307 3161 1465 3222 attenuarat,

421 3259 507 3310 prona
522 3239 663 3294 devotione
677 3239 826 3296 renovavit.
865 3239 918 3294 Cui
932 3239 1061 3296 suecessit
1073 3239 1214 3296 Kenwltus
1226 3259 1281 3306 rex,
1292 3239 1333 3296 vir
1350 3257 1467 3310 magnus

420 3329 447 3380 et
464 3323 612 3378 virtutibus
630 3323 731 3378 famam
751 3323 964 3396 supergrediens,
983 3323 1053 3378 nihil
1071 3323 1148 3398 quod
1164 3322 1233 3380 livor
1253 3323 1333 3394 digne
1351 3329 1468 3394 carperet

419 3425 543 3480 unquam
562 3407 705 3474 commisit,
724 3407 799 3462 domi
819 3407 970 3480 religiosus,
989 3407 1061 3464 bello
1079 3407 1240 3464 victoriosus
1250 3431 1258 3472 ;
1278 3407 1355 3478 cujus
1373 3407 1467 3463 laudes

419 3495 516 3548 merito
539 3493 628 3548 nitent
650 3491 680 3546 in
698 3493 786 3546 altum
805 3491 938 3566 quamdiu
955 3511 1050 3566 aequus
1081 3491 1180 3548 arbiter
1197 3491 1228 3546 iu
1248 3491 1349 3562 Anglia
1365 3491 1468 3548 inveni·

420 3583 489 3632 etur,
538 3577 593 3632 Hic
605 3575 828 3632 (lantoniensem
838 3577 976 3632 eeclesiam
993 3577 1022 3632 in
1040 3575 1182 3648 pristinam
1200 3577 1350 3632 libertatem
1367 3575 1467 3640 refecit,

418 3665 446 3716 et
475 3679 567 3732 regem
597 3659 819 3716 Cantuaritarum
848 3659 1021 3734 Eghbertum
1052 3661 1123 3716 Pren
1152 3661 1278 3716 vinetum
1301 3659 1424 3726 abduxit,
1442 3663 1469 3716 at

418 3743 492 3818 apud
522 3743 750 3816 Wynehecombe‚
779 3745 829 3800 ubi
865 3745 1003 3800 ecclesiam
1039 3763 1101 3818 quea
1137 3743 1229 3800 adhuc
1259 3749 1394 3816 superstes
1429 3747 1470 3800 est

418 3829 478 3884 Deo
503 3827 689 3892 aedificaverat,
707 3827 768 3900 ipso
793 3827 969 3884 dedicationis
989 3829 1032 3884 die
1049 3847 1142 3900 regern
1164 3829 1302 3900 captivum
1325 3827 1360 3884 ad
1388 3831 1470 3884 altare

416 3913 614 3968 manumittens
637 3913 759 3968 libertate
783 3913 911 3980 donavit3
941 3913 1032 3968 aderat
1056 3913 1095 3968 ibi
1115 3911 1309 3968 munificentiae
1331 3913 1403 3984 regis
1424 3931 1470 3986 ap-

416 4001 529 4068 plausor
572 3995 736 4064 Cuthredus‚
776 4015 858 4070 quem
898 3997 944 4052 ille
993 3997 1161 4052 Cantuaritis
1202 4015 1293 4070 regern
1331 3997 1450 4070 praefecit
1462 4019 1470 4062 ς

417 4081 532 4136 sonabat
545 4081 657 4136 basilica
674 4081 825 4152 plausibus,
846 4083 945 4152 pletaea
964 4081 1138 4148 discursibus,
1152 4101 1184 4136 eo
1194 4081 1285 4154 quod¹
1304 4081 1342 4136 ibi
1359 4081 1390 4136 in
1408 4099 1470 4136 con·

416 4169 501 4218 ventu
531 4181 603 4220 xnr.
627 4163 816 4236 episcoporum
845 4169 871 4220 et
901 4181 933 4220 x.
963 4165 1066 4220 ducum
1095 4165 1179 4220 nullis
1208 4165 1341 4236 largitatis
1370 4169 1471 4236 pateret

416 4249 525 4316 repulsa
545 4247 612 4318 quin
632 4265 726 4304 omnes
751 4247 903 4304 secuudum
928 4247 970 4304 sui
995 4253 1083 4304 status
1103 4249 1269 4320 exigentiam
1288 4249 1365 4320 quasi
1385 4249 1472 4320 plenis

416 4331 561 4400 marsupiis
591 4331 635 4386 vel
665 4331 783 4388 donariis
814 4333 918 4388 abirent
925 4355 933 4400 3
969 4333 1040 4389 illud
1070 4331 1152 4388 etiam
1181 4333 1377 4388 monasterium
1407 4349 1471 4388 cum

416 4415 525 4484 magnis
554 4413 705 4468 redditibus
736 4417 884 4486 ampliavit.
935 4415 987 4472 Oui
1017 4417 1146 4472 successit
1178 4415 1297 4472 Sanctus
1322 4417 1471 4472 Kenelmus

416 4499 489 4552 filius
514 4495 580 4568 ejus,
605 4495 756 4556 secundum
776 4499 959 4556 Willielmum
983 4499 1250 4566 Malmsburiensem‚
1275 4517 1305 4554 ae
1324 4517 1424 4556 nomen
1445 4503 1471 4556 et

416 4583 498 4636 decus
521 4581 643 4652 martyrii
666 4579 790 4652 adeptus,
815 4583 889 4654 apud
916 4583 1160 4656 Wynohechumbe
1187 4583 1268 4654 juxta
1296 4589 1402 4654 patrem
1432 4587 1472 4660 est

414 4667 547 4736 sepultus.
585 4663 684 4720 Postea
709 4665 791 4720 multi
821 4667 867 4722 alii
893 4671 1085 4738 regnaverunt,
1104 4671 1131 4722 et
1160 4665 1274 4722 tandem
1304 4667 1472 4738 principatus

413 4749 581 4806 Marciorum
604 4765 651 4820 per
672 4749 812 4820 quandam
824 4749 941 4806 Gentilis
959 4751 1011 4808 viri
1034 4751 1171 4806 insaniam
1193 4751 1284 4804 subito
1302 4751 1427 4814 effloruit,
1447 4755 1473 4806 et

749 4941 795 4992 ¹eo
815 4939 892 5008 qaod]
911 4955 941 4992 eo
957 4955 987 4992 eo
1004 4939 1078 5006 quod.
1112 4939 1143 4990 Β.
