3300 5666
387 841 453 902 310
677 853 859 902 nunosruu
882 853 1129 904 rnsroemsuu.

225 1027 351 1094 Thonis·
389 1029 485 1094 clusis
529 1025 732 1112 compertus1
772 1033 856 1094 esset
895 1031 1020 1094 tractus
1059 1035 1107 1096 est
1151 1029 1297 1094 funiculo
1353 1031 1440 1094 infra

223 1109 322 1240 {ff
389 1153 499 1196 muros
523 1135 556 1196 et
579 1131 621 1194 ad
643 1131 778 1196 fratrem
803 1131 993 1210 conductus,
1018 1133 1052 1196 et
1084 1135 1164 1196 tnnc
1185 1133 1258 1196 viso
1281 1155 1437 1220 germano

225 1245 332 1294 Ashur.
390 1235 508 1298 osculis
531 1235 565 1298 et
588 1235 792 1320 amplexibus
816 1233 1009 1298 desideratis
1033 1253 1101 1298 sese
1123 1235 1315 1298 refecerunt.

435 1337 586 1422 Denique
607 1343 682 1424 post
698 1337 819 1400 multas
834 1337 1077 1424 desperationes
1100 1337 1290 1424 egrediendi
1313 1359 1435 1400 remea-

392 1439 475 1504 bant
503 1439 596 1526 jam²
627 1439 729 1526 legati
761 1463 803 1502 ex
836 1439 1014 1504 Germania
1037 1439 1095 1526 qui
1127 1439 1207 1504 duce
1237 1439 1436 1504 Oheldrico³

392 1547 563 1606 sexcentas
594 1565 696 1606 nares
719 1541 825 1604 milite
855 1541 936 1604 forti
974 1547 1118 1604 armatas
1150 1547 1183 1608 et
1216 1547 1368 1606 oneratas
1403 1543 1436 1604 in

391 1643 569 1708 Albaniam
600 1643 849 1722 conduxerant3
881 1665 945 1728 quo
968 1643 1083 1708 audito
1118 1643 1341 1708 dissuaserunt
1364 1667 1437 1708 con-

392 1745 508 1810 siliarii
530 1745 678 1808 Arthnro
702 1745 906 1808 obsidionem
938 1745 1065 1808 diutius
1086 1751 1207 1822 tenere,
1225 1769 1266 1810 ne
1291 1745 1320 1810 si
1343 1751 1437 1810 tanta

390 1847 572 1912 multitudo
616 1849 761 1914 hostium
804 1849 1045 1934 supervenisset
1091 1847 1228 1912 dubium
1274 1853 1445 1914 certamen.

391 1949 648 2014 commisissent.¹²

437 2053 554 2116 Paruit
576 2053 681 2138 igitur
711 2051 879 2118 Arthurus
905 2053 1158 2118 domesticorum
1193 2075 1327 2118 suorum
1364 2075 1438 2118 con-

392 2157 474 2234 silio,
498 2155 685 2240 recepitque
721 2177 788 2220 sese
811 2155 900 2218 infra
922 2155 1038 2220 urbem
1062 2155 1333 2234 Londoniarum3
1367 2153 1439 2234 ibi‚⁵

392 2263 570 2324 conuocato
593 2259 678 2324 clero
693 2261 726 2322 et
749 2257 850 2322 totius
873 2259 967 2346 regni
990 2259 1194 2344 primatibus,
1220 2259 1341 2344 quaerit
1365 2281 1438 2324 con-

392 2363 502 2426 silium
527 2361 606 2444 quid
629 2361 799 2444 optimum,
817 2361 898 2444 quid
922 2361 1173 2426 saluberrimum
1196 2367 1311 2426 contra
1334 2363 1438 2444 Paga-

390 2483 507 2528 norum
529 2461 748 2548 irruptionem
761 2463 892 2528 iaceret.
942 2463 1117 2528 Communi
1132 2463 1267 2528 taudem
1283 2483 1440 2528 consensu

390 2566 485 2630 illato
509 2565 690 2630 mittuntur
713 2565 918 2630 Armoricam
941 2567 1053 2630 nuntii
1075 2565 1119 2630 ad
1149 2587 1260 2650 regem
1285 2565 1438 2646 Hoelum‚

391 2669 495 2754 quisi
518 2667 738 2732 calamitatem
755 2669 939 2732 Britanniae
961 2669 1179 2732 notificarent.
1225 2669 1306 2732 Erat
1329 2673 1438 2732 autem

394 2771 520 2836 Hoelus
542 2771 630 2834 filius
665 2771 782 2834 sororis
806 2771 949 2834 Arthnri
980 2793 1022 2834 ex
1049 2771 1187 2834 Budicio
1221 2791 1296 2858 rege
1320 2771 1437 2834 Armo-

392 2875 577 2938 rieanorurn
607 2873 783 2936 Britonum
806 2877 988 2958 generatus,
1013 2873 1101 2936 unde
1134 2873 1251 2936 audita
1274 2873 1437 2954 inquieta-

393 2975 483 3038 tione
506 2997 579 3058 quae
609 2973 772 3038 avunculo
799 2997 858 3038 suo
890 2975 1110 3060 ingerebatur,
1143 2973 1243 3058 jussit
1265 2973 1438 3058 navigium

390 3077 509 3162 parari,
533 3075 738 3160 collectisque
760 3093 814 3140 XV.
831 3075 964 3140 milibus
987 3079 1195 3154 armatorum,
1213 3077 1438 3162 proximorum

363 3225 364 3228 ,
394 3179 477 3242 fletu
511 3183 686 3244 ventorum
722 3183 855 3262 portum
890 3179 1053 3242 Hamonis
1080 3179 1248 3266 applicuit.
1297 3179 1437 3264 Excepit

393 3281 487 3346 illum
511 3279 678 3346 Arthurus
700 3281 822 3346 honore
845 3301 909 3366 quo
934 3279 1091 3346 decebat.6

794 3575 877 3646 Onu.
894 3575 1015 3640 XLIX.
1105 3631 1107 3638 .

439 3769 594 3834 Eunusrs
616 3769 824 3854 postmodnm
855 3767 967 3852 paucis
1000 3767 1115 3832 diebus
1136 3767 1253 3832 urbem
1277 3767 1437 3830 Kaerlud-

397 3871 462 3936 coit
485 3869 613 3956 petivit,
631 3893 651 3932 a
673 3869 815 3956 Paganis
837 3891 919 3954 quos
944 3893 1042 3956 supra
1065 3869 1245 3934 memoravi
1268 3869 1436 3934 obsessam.

398 3971 479 4036 Haec
509 3983 619 4038 autem
644 3971 682 4034 in
713 3971 878 4058 Lindesey
899 3971 1071 4058 provincia
1093 3973 1180 4036 inter
1214 3971 1279 4036 duo
1301 3971 1438 4034 flumina

399 4097 494 4160 super
523 4079 670 4138 montem
701 4073 816 4152 locata,
841 4073 906 4138 alio
929 4075 1061 4138 nomine
1088 4073 1334 4138 Lindicolinum
1355 4097 1441 4138 nun·

400 4181 546 4260 cupatur.
593 4173 644 4240 Ut
677 4175 780 4260 igitur
817 4199 891 4238 oum
930 4177 1018 4238 omni
1056 4175 1269 4240 multitudine
1307 4199 1365 4240 sua
1403 4197 1439 4238 eo

399 4281 570 4358 venerunt,
602 4277 747 4364 proeliati
792 4283 870 4340 suut
911 4299 985 4340 cnm
1022 4277 1219 4358 Senonibus,
1256 4279 1442 4344 inauditam

433 4605 596 4670 ¹compcrtns]
616 4603 750 4668 compertu.
782 4607 812 4656 B.
979 4607 1178 4672 lausanensem]
1197 4607 1387 4658 committerent.
1409 4607 1442 4658 D.

434 4687 518 4752 ²jum]
565 4685 629 4736 inde.
663 4685 697 4736 D.
978 4685 1043 4750 ubi]
1063 4684 1153 4752 ibique.
1187 4687 1218 4736 B.

433 4765 594 4830 celeraria]
614 4763 763 4816 Ohilderico.
799 4767 828 4816 Β.
920 4769 924 4818 Ι
979 4763 1108 4830 ⁵decebot]
1127 4765 1218 4814 decuit.
1253 4765 1285 4814 D.
