3308 5666
520 887 702 958 numerum
725 881 970 932 ursroamnuur.
1194 867 1257 932 285

215 1053 406 1118 tannicun1¹
440 1077 512 1138 quae
543 1055 585 1118 ub
615 1057 691 1120 albo
715 1049 937 1136 deprimetur:
972 1053 1101 1118 Montes
1129 1051 1198 1136 ejus
1222 1055 1261 1116 ut
1274 1061 1402 1142 ‘suerro

213 1156 314 1220 valles
340 1157 556 1240 aequabantur
584 1161 617 1220 et
643 1157 782 1220 flumina
806 1155 942 1218 vallium
966 1155 1124 1240 sanguine
1147 1175 1259 1218 urana·
1274 1127 1391 1244 ffiffnm

213 1259 320 1324 bunt:

256 1359 374 1424 Oultus
417 1355 584 1446 religionis
630 1361 795 1424 delebitur
839 1361 873 1422 et
911 1359 1005 1422 ruina
1049 1361 1254 1424 ecclesiarum

212 1463 348 1550 patebit.

256 1563 456 1628 Praevalebit
492 1565 626 1630 taudem
657 1583 809 1652 oppressa
839 1569 873 1628 et
902 1561 1040 1630 saevitiae
1071 1567 1259 1628 exterorum

213 1667 363 1730 resistet:

254 1769 345 1854 Aper
380 1767 555 1834 Cornubiae
589 1789 778 1834 succursum
805 1773 939 1856 preestet
969 1773 1004 1834 et
1031 1767 1113 1834 colla
1144 1789 1257 1832 eorum

211 1871 272 1934 sub
294 1869 432 1956 pedibus
455 1871 522 1934 suis
546 1871 770 1935 conculcabit:

253 1973 375 2036 Insulae
403 1973 525 2036 Oceani
553 1973 713 2058 potestati
743 1973 846 2058 ipsius
876 1973 1059 2036 subdentur
1088 1977 1123 2038 et
1153 1973 1257 2036 Galli·

211 2097 307 2138 canos
329 2075 433 2138 saltus
455 2075 659 2160 possidebit:

255 2175 425 2240 Tremebit
441 2175 622 2240 Romulea²
638 2177 755 2242 domus
771 2177 935 2242 saevitiam
951 2177 1076 2262 ipsius⁸
1091 2183 1126 2242 et
1148 2177 1257 2240 exitus

210 2279 279 2362 ejus
302 2277 422 2342 dubius
444 2277 529 2342 crit:

254 2381 297 2444 ln
314 2387 375 2446 'ore
406 2381 600 2468 populorum
631 2379 849 2458 celebrabitur
883 2383 917 2444 et
948 2387 1040 2444 actus
1067 2381 1137 2466 ejus
1168 2379 1258 2446 cibus

208 2481 294 2546 erit4
315 2483 535 2546 narrantibus.
581 2481 649 2548 Sex
679 2481 801 2568 posteri
832 2481 901 2566 ejus
924 2487 1104 2568 sequentur
1127 2487 1161 2546 et
1184 2489 1257 2568 post

208 2585 294 2670 ipsos
317 2589 472 2670 exsurget
495 2585 706 2650 Germanicus
728 2583 869 2650 vermis:

254 2685 453 2750 Sublimabit
493 2707 567 2750 eum
606 2693 776 2772 aequoreus
813 2685 913 2770 lupus
949 2685 1068 2770 quem⁵
1100 2683 1257 2750 Africana

209 2809 342 2852 nemora
380 2787 633 2852 comitabuntur.
694 2785 869 2852 Delebitur
912 2787 1033 2852 iterum
1071 2787 1185 2872 religio
1224 2791 1258 2852 et

198 2891 442 2972 transmutatio
465 2891 647 2974 primarum
671 2889 796 2954 sedium
819 2889 900 2952 fiet:

256 2991 411 3078 Dignitas
435 2993 615 3058 Loudoniae
638 2991 813 3056 adornabit
830 2989 1071 3054 Doroborniam
1091 2995 1126 3056 et
1144 2995 1257 3076 pastor

209 3095 444 3158 Eboracensis6
467 3095 625 3182 septimus
648 3095 685 3158 in
707 3089 878 3158 Armorico
901 3091 984 3156 Sinu
1007 3091 1242 3170 fabricabitur3

262 3195 435 3260 Menevia⁷
457 3197 556 3280 pallio
580 3195 684 3260 Urbis
708 3191 910 3280 Legionnm⁸
925 3191 1102 3260 induetur⁹
1118 3199 1151 3260 et
1172 3217 1255 3280 prae-

209 3299 334 3362 dicator
357 3285 530 3362 Hiberniae
552 3301 686 3382 propter
709 3297 870 3362 infantem
891 3295 929 3358 in
948 3301 1041 3360 utero
1058 3301 1255 3362 crescentem

209 3399 419 3464 obmutescet.
480 3399 576 3466 Pluet
614 3399 813 3484 sanguineus
851 3395 956 3460 imber
985 3401 1019 3460 et
1049 3397 1122 3460 dira
1156 3397 1257 3462 fames

210 3499 363 3566 mortales
386 3499 512 3566 alliciet.
916 3491 917 3494 ¹

254 3603 318 3668 His
341 3603 591 3690 indignantibus
620 3603 745 3668 dolebit
775 3599 906 3680 rubeus
929 3599 985 3664 sed
1009 3599 1149 3664 demisso
1161 3599 1187 3636 ¹⁰
1209 3601 1255 3664 lu-

209 3703 286 3770 bore
309 3705 444 3792 vigebit.
1000 3749 1002 3752 ·

254 3807 346 3872 Tunc
372 3807 589 3872 infortunium
620 3807 688 3872 albi
719 3803 890 3872 festinabit
916 3807 950 3870 et
975 3803 1115 3870 aedificia
1144 3803 1259 3870 hortu·

208 3905 315 3974 lorum
338 3907 407 3996 ejus
428 3909 630 3974 dirimentur.

245 4301 450 4368 ¹Brrbrrrrdcum]
462 4301 713 4352 Britannicum.B.D.
791 4311 987 4376 ‘Eboracensiq
1008 4313 1151 4364 Eboransis.
1187 4313 1218 4364 D.

212 4379 285 4430 Nota
298 4379 324 4428 iu
336 4393 416 4444 marg.
442 4379 512 4430 Am.
790 4391 939 4456 ⁷Meuevic]
959 4391 1053 4442 Meuia.
1094 4391 1158 4442 B.D.

244 4457 396 4522 'Romuletd
416 4459 531 4508 ROmtla·
566 4459 600 4508 D·
789 4469 954 4536 ‘lectonam
971 4471 1092 4520 Leonum.
1127 4471 1160 4520 D.

245 4537 357 4628 8ι’ρείἰιε]
377 4537 437 4600 ejus.
472 4539 501 4588 B.
791 4547 937 4616 metuetur]
958 4549 1101 4600 induentur.
1136 4551 1200 4600 RD.

248 4617 325 4682 ⁴ern]
346 4619 388 4666 0¹⁴·
423 4621 457 4672 A·
493 4619 546 4670 elil·
581 4621 612 4670 Β·
792 4643 810 4672 ¹⁰
821 4641 934 4708 demisso]
955 4635 1050 4694 defflso.
1082 4643 1116 4694 A.
1133 4643 1257 4694 demenso.

173 4783 174 4786 Ν
248 4703 345 4770 auem]
366 4715 393 4772 q.
429 4705 462 4756 Α.
497 4709 552 4770 que
581 4703 611 4754 a
756 4721 822 4772 nn.
