3300 5666
413 807 453 876 96
704 821 885 890 urruoornu
906 819 1155 872 ursuoumunn

812 1111 890 1180 Car.
908 1111 1062 1178 CXXIV.
1144 1151 1146 1158 a

750 1301 799 1366 Do
823 1297 1011 1368 Provincia
1032 1297 1119 1368 dero.

247 1505 285 1558 or
299 1505 366 1558 Sera.
461 1493 569 1562 Suuus
600 1495 651 1556 est
683 1489 852 1576 provincia
883 1489 919 1554 in
942 1489 1132 1568 orientes
1166 1489 1309 1578 quodam
1333 1491 1454 1580 oppido
1585 1483 1586 1486 '

413 1597 459 1662 sio
481 1595 577 1670 diota,
601 1593 658 1658 ubi
691 1593 732 1658 de
764 1593 934 1658 arboribus
968 1593 1046 1658 lana
1077 1595 1248 1682 colligitur
1270 1597 1303 1658 et
1335 1595 1455 1662 exinde

413 1699 550 1764 serieum
573 1699 750 1784 operatum
771 1697 858 1760 unde
881 1701 978 1784 poeta
992 1713 1010 1778 3'

570 1807 735 1900 “Ignotal
762 1811 843 1888 faeie
866 1813 924 1880 sed
946 1813 1019 1880 noti
1041 1813 1161 1880 vellere
1186 1813 1305 1882 Seres.''

828 2143 906 2210 erp.
924 2113 1059 2212 onrr.

800 2333 860 2444 'Do
883 2333 1062 2402 Siobtmio.

253 2543 406 2598 Ostehem.
464 2527 632 2594 SIOHIMIA
662 2529 791 2594 modios
822 2533 912 2594 terra
935 2533 984 2594 est
1017 2529 1053 2592 in
1085 2527 1243 2606 Samaria,
1276 2549 1296 2592 a
1331 2525 1460 2594 Siohem

419 2631 487 2696 filio
520 2629 628 2714 Emor,
662 2631 720 2718 qui
759 2653 830 2698 eam
868 2631 975 2720 primo
1010 2631 1216 2696 inhabitavit
1255 2631 1301 2696 sio
1334 2623 1461 2696 vocata.
1579 2711 1581 2716 ι

419 2735 507 2800 Nam
539 2733 669 2800 Siohem
696 2735 786 2820 prius
818 2735 933 2802 diota²
955 2739 1068 2820 postea
1099 2733 1258 2822 Neapolis
1289 2735 1462 2800 vocitatur.
1558 2765 1559 2768 ¹

422 2837 512 2916 Hmo,
536 2841 574 2900 ut
596 2837 646 2900 ait
668 2837 897 2922 Hieronymus
919 2859 1017 2922 super
1041 2835 1121 2902 Gen.
1145 2853 1244 2900 XVIII.
1268 2837 1333 2902 fuit
1355 2837 1464 2924 portio

419 2943 517 3004 terrae
539 2959 639 3022 quam
673 2939 777 3004 Jaoob
813 2939 906 3006 dedit
938 2939 1008 3004 filio
1041 2959 1108 3018 suo,
1133 2961 1203 3026 quae
1226 2939 1293 3004 fuit
1315 2939 1350 3004 in
1372 2939 1465 3004 tribu

420 3041 569 3128 Effraym
602 3041 662 3106 ubi
695 3041 844 3128 sepultus
880 3043 930 3106 est
961 3039 1094 3128 loseph,
1127 3041 1219 3128 enjus
1253 3041 1465 3108 mausolaeum

419 3165 522 3230 usque
544 3143 642 3210 hodie
665 3149 819 3230 apparet3
851 3165 951 3230 quam
974 3149 1097 3210 terram
1128 3143 1270 3230 peeunia
1302 3143 1396 3230 gravi
1418 3145 1466 3210 la
1545 3163 1546 3166 ’

417 3245 496 3312 bore
520 3245 715 3332 acquisitam
745 3245 849 3320 Jacob
873 3247 1084 3332 comparavit.
1131 3247 1224 3314 Emit
1246 3245 1335 3314 enim
1358 3263 1385 3312 (I.
1408 3269 1466 3334 ag·

419 3349 470 3414 nis
503 3349 738 3436 possessionem
770 3349 873 3416 illam.
920 3349 974 3416 Ibi
1007 3349 1071 3416 fuit
1105 3351 1315 3416 terebinthus
1348 3349 1465 3438 super³

420 3475 484 3538 quo
507 3451 612 3518 Jaoob
635 3449 807 3518 abscondit
830 3452 918 3518 idola
940 3451 1085 3518 filiorum
1107 3473 1251 3534 suorum,
1266 3459 1301 3518 et
1322 3457 1403 3518 tuno
1425 3455 1466 3518 de

362 3615 364 3620 ,
420 3553 594 3622 Siohinia⁴
614 3553 762 3620 aseendit
794 3555 831 3620 in
866 3557 990 3620 anam
1013 3561 1228 3644 cognomento
1252 3557 1379 3622 Bethel.
1424 3557 1467 3622 In

419 3659 480 3726 hoe
502 3659 574 3724 loeo
596 3659 775 3746 pascebant
790 3659 909 3724 fratres
932 3659 956 3724 J
958 3659 1057 3746 oseph
1078 3679 1194 3746 greges
1209 3679 1306 3740 suos3
1330 3659 1377 3722 ibi
1399 3681 1467 3724 non

338 3769 340 3772 ’
419 3761 550 3828 invenit
573 3783 627 3826 eos
659 3759 682 3826 J
684 3761 783 3848 oseph
817 3761 876 3826 sed
907 3761 945 3826 in
967 3761 1123 3848 Dotaym,
1146 3761 1206 3826 ubi
1239 3763 1347 3848 ipsum
1370 3763 1467 3848 spoli-

419 3869 514 3930 antes
545 3863 714 3950 AEgyptiis
746 3863 978 3930 vendiderunt
1024 3863 1220 3928 Abimaleoh
1253 3863 1341 3930 filius
1375 3863 1396 3928 J
1400 3887 1469 3932 ero·

419 3967 518 4034 boam
541 3965 721 4032 Siohiniam
746 3965 920 4032 destruxit.
967 3965 1010 4030 In
1031 3965 1093 4028 hoo
1116 3965 1286 4030 territorio
1309 3965 1374 4030 fuit
1395 3965 1468 4032 fons

420 4069 443 4134 J
445 4069 535 4150 asub,
545 4069 645 4154 juxta
668 4091 766 4154 quem
782 4067 946 4134 Dominus
968 4067 1071 4132 fessus
1096 4089 1138 4132 ex
1154 4067 1273 4132 itinere
1296 4069 1467 4154 requievit,

421 4175 455 4238 st
476 4175 593 4258 potum
616 4171 657 4238 de
680 4169 762 4238 illo⁵
784 4169 876 4238 fonte
899 4193 919 4238 a
941 4165 1101 4238 nruliere⁶
1124 4169 1317 4256 postulavit,
1342 4175 1377 4238 et
1398 4193 1473 4238 mu«

458 4515 587 4584 1Ιρνιοία.]
623 4515 678 4566 The
698 4523 723 4564 Iu
746 4515 768 4564 is
787 4513 921 4566 interliued
1004 4517 1152 4584 ⁴Siebinia]
1172 4517 1301 4582 Syohima.
1334 4517 1365 4568 B.

424 4597 557 4742 ΠἈλιὶζοια]
577 4679 620 4724 est.
639 4675 694 4726 add.
712 4673 777 4724 Β.Ι).
1006 4633 1078 4700 imo]
1097 4649 1145 4684 om‘
1179 4635 1212 4684 B'

458 4755 562 4820 8saonen]
582 4755 635 4806 sub.
669 4753 734 4806 III).
1006 4755 1044 4802 θα
1055 4751 1164 4816 avallere]
1182 4753 1215 4802 ab
1226 4751 1269 4802 illu
1280 4753 1391 4802 muliere.
1425 4753 1456 4802 B.
