3300 5666
374 835 439 904 2⁶32
662 851 845 904 annocum
867 849 1115 902 Hrsronmnon.

212 1037 348 1100 rnesury
374 1033 547 1094 coronatus
577 1035 634 1108 est,
666 1033 700 1092 et
729 1027 766 1092 in
796 1049 924 1094 summa
947 1027 1163 1114 prosperitate
1193 1027 1302 1092 tribus
1324 1027 1418 1090 arinis

212 1103 313 1232 pfelyepg
375 1133 537 1218 regnavit,
575 1135 609 1196 et
647 1135 795 1196 mortuus
833 1135 891 1212 est,
923 1133 957 1196 et
986 1131 1023 1194 in
1052 1129 1188 1196 civitate
1219 1127 1419 1194 Leircestriae
1517 1131 1518 1134 ’

376 1253 434 1318 per
464 1235 566 1298 filiam
595 1255 687 1300 suom
718 1231 916 1298 Gordeillam
931 1231 1108 1298 honorifice
1139 1229 1313 1318 sepultus.¹

815 1521 895 1588 One.
912 1523 973 1588 XI.

212 1737 327 1790 Cornelia
425 1725 574 1790 Moeruo
603 1745 687 1810 rege,
721 1721 885 1788 Gordeilia
912 1745 1051 1810 regnum
1081 1721 1270 1788 vendicavit
1300 1725 1334 1788 et
1367 1723 1424 1788 ob-

211 1805 331 1922 ἓξὲξ
381 1827 492 1904 tinuit,
524 1831 557 1892 et
586 1827 673 1888 inira
703 1841 753 1888 111.
790 1847 916 1890 menses
954 1831 1113 1910 tanquam
1144 1847 1223 1890 vera
1263 1825 1366 1892 haeres
1404 1849 1425 1888 a

383 1927 478 2014 regni
506 1927 695 2014 proceribus
734 1927 770 1990 in
809 1927 946 1994 civitate
988 1927 1230 1994 Trinovantum
1272 1931 1426 1994 coronata

385 2033 442 2108 est,
473 2035 506 2094 et
535 2031 606 2114 ipsa
635 2051 692 2116 per
722 2051 825 2096 annos
859 2031 976 2116 quinos
1006 2051 1143 2116 regnum
1174 2027 1426 2096 Britannicum2

382 2131 522 2196 feliciter
558 2131 719 2198 educavit.
782 2129 892 2196 Medio
923 2131 1013 2196 enim
1042 2135 1191 2216 tempore
1222 2131 1425 2218 Aganippus²

383 2255 442 2298 rex
469 2231 625 2312 Franciae,
658 2231 808 2298 debitum
839 2231 939 2314 solvit
970 2233 1158 2298 humanum.

428 2333 555 2420 Regina
584 2339 742 2420 regnante
766 2335 831 2400 duo
854 2333 993 2420 nepoti³
1025 2335 1095 2420 ejus
1127 2339 1242 2400 contra
1265 2357 1336 2400 eano
1359 2357 1428 2398 ma-

383 2435 509 2502 chinati
539 2441 626 2518 sunt,
657 2437 746 2522 quod
776 2441 834 2502 aut
863 2459 1002 2522 regumn
1031 2437 1077 2502 eis
1107 2437 1260 2502 redderet
1290 2441 1348 2502 aut
1370 2459 1429 2522 pro

384 2559 423 2602 eo
446 2539 636 2604 decertaret.
681 2537 762 2604 Dies
785 2537 863 2604 belii
887 2535 1091 2604 constituta⁴
1115 2543 1149 2604 et
1169 2535 1268 2624 pars⁵
1291 2541 1431 2624 utraque

382 2639 421 2704 in
449 2663 595 2726 pugnam
624 2663 788 2718 conversa,
813 2641 918 2708 caedes
940 2641 980 2706 fit
1002 2663 1131 2726 magna,
1163 2641 1326 2706 conflictio
1351 2641 1431 2720 dira,

383 2743 441 2808 sed
457 2743 602 2810 Gordilla
621 2747 774 2830 superata
797 2747 831 2808 et
853 2741 891 2806 in
913 2733 1072 2808 carcerem
1087 2741 1230 2822 detrusa,
1253 2743 1296 2808 ob
1310 2741 1432 2806 doloris

383 2845 590 2910 nimietatem
620 2845 721 2910 finem
750 2843 829 2910 iecit
857 2843 1083 2912 miserrimum.

217 2947 359 3026 Marganus
431 2945 594 3012 Oordeffla
618 2951 759 3026 mortua,
786 2947 926 3032 juvenes
956 2947 1006 3012 1111
1032 2969 1171 3032 regnum
1202 2945 1432 3012 Britannicum

218 3015 365 3146 &gipsae
384 3049 421 3112 in
444 3047 525 3112 duas
548 3053 658 3134 portes
686 3047 883 3114 dividebant
894 3071 902 3128 3
929 3069 1004 3134 pars
1028 3053 1142 3114 autem
1165 3047 1223 3112 illa
1245 3069 1317 3132 queo
1340 3053 1432 3114 trans

218 3147 302 3262 crviode
315 3143 356 3194 the
386 3149 578 3216 Humbrum
601 3149 712 3236 vergit
741 3171 845 3236 usque
877 3149 1084 3216 Catenesiaro
1115 3147 1299 3236 Margano⁶
1328 3153 1432 3216 cessit.

217 3213 280 3278 king
297 3229 348 3266 om.
386 3251 464 3316 Alia
493 3275 572 3318 vero
602 3251 698 3338 quae⁷
738 3251 775 3316 in
812 3251 918 3316 altera
952 3257 1046 3338 parte
1075 3253 1171 3318 fluvii
1200 3253 1244 3314 ad
1275 3251 1432 3318 Occasum

385 3355 462 3420 solis
501 3355 612 3442 vergit
649 3353 839 3440 Ounedagio
875 3353 1091 3420 submittitur.
1145 3353 1297 3418 Emensis
1329 3353 1434 3440 igitur

386 3457 515 3524 daubus
544 3455 641 3524 annis
671 3479 792 3542 magna
821 3455 911 3522 inter
938 3479 991 3522 eos
1017 3455 1123 3524 oritur
1145 3455 1322 3522 contentio.
1370 3457 1433 3522 Ac-

384 3565 549 3626 cesserunt
584 3563 695 3624 autem
733 3557 853 3644 quibus
892 3559 1039 3624 turbatio
1076 3557 1229 3644 placebat
1266 3557 1309 3622 ad
1347 3557 1434 3624 Mar-

384 3661 540 3750 ganum,8
569 3663 783 3748 animumque
805 3661 895 3726 illius
925 3661 1143 3728 subducentes
1174 3659 1308 3726 aiebant
1337 3667 1434 3748 turpe

383 3771 417 3830 et
449 3767 588 3830 dedecus
612 3785 688 3844 esse,
713 3785 785 3830 oum
811 3763 1048 3848 primogenitus
1071 3767 1164 3840 esset,
1190 3763 1294 3832 totius
1316 3763 1433 3828 insulae

383 3889 452 3932 non
481 3867 653 3932 dominari.
699 3865 777 3952 Ipso
807 3865 857 3930 ita
887 3863 1031 3930 excitato
1059 3863 1241 3932 exercitum
1264 3865 1356 3930 ducit
1377 3887 1434 3950 per

332 4021 334 4024 .
385 3967 569 4052 provincias
593 3967 776 4054 Ounedagii
798 3967 908 4052 ignem
932 3965 1174 4032 accumulando.
1223 3965 1382 4034 Obviavit
1405 3965 1434 4032 ei

388 4067 598 4156 Ounedagius
629 4091 704 4136 cum
733 4069 950 4136 multitudine
980 4067 1135 4148 maxima,
1174 4073 1209 4134 et
1242 4067 1329 4134 facto
1360 4091 1434 4134 con«

425 4377 562 4444 'sepultus]
583 4385 627 4430 est
660 4391 747 4442 praem.
779 4377 844 4432 B.D.
968 4381 1127 4446 Β1116196116]
1164 4379 1220 4432 The
1247 4397 1261 4430 o
1289 4379 1311 4430 is
1340 4379 1438 4432 written

420 4463 627 4536 ²Brr'eounicum]
646 4471 792 4524 Britanniae,
825 4473 889 4526 RD.
936 4477 1002 4526 1112011
1022 4475 1054 4510 111
1072 4461 1219 4512 1111119111
1237 4459 1272 4510 A·
1307 4461 1437 4526 Margono.

422 4577 535 4642 ⁸nepoti]
554 4581 665 4640 nepotes.
697 4577 773 4656 RD„
935 4541 969 4592 D·

421 4657 651 4744 *constitutohst
683 4681 738 4730 ado.
773 4679 837 4734 RD.
937 4699 1157 4764 pacfimforque,

419 4787 429 4818 1
436 4787 513 4854 pers]
533 4791 610 4850 parte.
644 4785 666 4836 B
969 4781 1152 4848 ‘'Morponrm]
1172 4781 1329 4846 Merganum.
1363 4779 1399 4858 B,

968 4619 1055 4686 '‘quoe]
1080 4637 1120 4692 (Β,
1154 4621 1189 4670 A.
1224 4621 1267 4672 the
1297 4619 1438 4670 usuclco'u·
1521 4683 1522 4686 Ἴ
1600 4687 1601 4690 ¹
