3308 5666
525 839 705 892 runosruu
727 835 974 890 msronmauu.
1184 865 1185 870 ,
1211 825 1273 888 109

228 1013 354 1098 pascuis
403 1013 576 1078 uberrimis
623 1013 705 1078 aiios
743 1011 890 1078 defectus
929 1017 1129 1096 recuperans.
1166 1011 1273 1076 'Gens
1287 1017 1325 1068 Of
1337 1015 1438 1092 seca,

227 1115 338 1180 valida
360 1117 393 1180 et
416 1115 560 1196 robusta,
587 1115 679 1202 cujus
706 1113 858 1202 potentia
887 1111 1054 1200 quondam
1081 1111 1185 1178 totius
1206 1113 1273 1178 fere

227 1217 315 1282 Asiae
341 1221 375 1282 et
410 1217 551 1304 Europae
573 1223 702 1304 partem
725 1217 907 1282 maximam
933 1215 1048 1282 multis
1071 1215 1273 1302 temporibus

227 1319 408 1398 edomavit;
441 1341 522 1406 quos
558 1319 697 1406 aggredi
735 1319 927 1390 Graecorum
964 1339 1044 1404 gens
1088 1317 1269 1382 extimuitr

224 1421 309 1486 Julir'
331 1421 419 1486 enim
442 1421 579 1488 Caesaris
601 1421 720 1508 juncta
743 1421 894 1508 potentia
920 1419 1104 1508 superatisl
1130 1419 1271 1502 Gallicis,

225 1523 437 1604 Almannicis,
476 1529 509 1588 et
556 1523 757 1590 Britannicis
805 1543 879 1588 cum
917 1523 1032 1602 Danis,
1072 1527 1105 1586 et
1145 1523 1270 1604 Gothis,

225 1625 365 1704 Noricis,
396 1631 430 1690 et
461 1623 720 1710 Aquilonaribus
745 1625 875 1712 populis
898 1625 1051 1712 congredi
1073 1625 1270 1692 formidavit.

224 1727 297 1792 Hoc
325 1727 362 1790 in
392 1727 553 1790 Historiis
589 1727 819 1794 Romanorum.
867 1727 921 1792 Ex
954 1725 1086 1792 illorum
1121 1729 1270 1814 prosapia

224 1831 405 1894 Amazones
440 1835 678 1916 processerunt,
704 1831 778 1898 ideo
809 1831 950 1918 populus
983 1829 1039 1898 ille
1071 1829 1207 1912 deletus,
1231 1837 1269 1898 ut

223 1931 302 1998 dicit
326 1931 480 1998 Isidorus.

614 2233 694 2300 Cur.
713 2231 864 2300 CXLIX.

638 2399 687 2466 Do
704 2397 840 2466 doccia

259 2591 393 2656 SUEVIA
418 2589 602 2654 Germaniae
617 2591 669 2656 cst
691 2589 871 2678 provincia,
890 2589 980 2674 cujus
1003 2613 1082 2676 gens
1103 2611 1259 2678 magnum
1274 2609 1311 2660 Of
1319 2609 1417 2660 suevia.

213 2693 396 2758 dominium
419 2685 467 2756 in
484 2693 662 2760 Germania
686 2693 807 2758 habere
831 2691 1007 2758 consuevit.
1055 2693 1202 2758 Isidorus
1224 2695 1260 2760 in

212 2797 307 2882 capit.
340 2797 379 2860 de
411 2795 588 2862 Vocabulis
619 2795 699 2860 dicit
730 2795 819 2880 quod
849 2793 951 2858 Suevi
977 2801 1056 2858 sunt
1082 2819 1158 2882 pars
1183 2795 1261 2860 Ger-

212 2919 383 2962 manorum
406 2897 441 2962 in
464 2899 531 2964 fine
554 2897 804 2984 Septentrionis.
852 2895 951 2960 Unde
986 2897 1137 2990 Lucanus
1156 2897 1234 2962 2-—2

301 3037 456 3104 “Fundit
478 3039 522 3104 ab
548 3043 696 3104 extremo
720 3035 828 3104 salvos
849 3035 1013 3122 Aquilone
1036 3035 1188 3104 Suevos.''

254 3181 300 3246 Et
323 3185 374 3246 est
390 3179 549 3266 Superior
571 3185 605 3244 et
629 3179 789 3256 Inferior3
818 3179 960 3244 inferior
978 3185 1092 3244 contra
1108 3179 1260 3244 Rhenum

208 3281 387 3368 protendit,
415 3281 570 3368 Superior
593 3287 708 3348 contra
723 3281 824 3368 Alpes
848 3285 883 3346 et
900 3281 1106 3362 Danubium,
1121 3287 1260 3368 utraque

209 3389 297 3450 terra
320 3383 453 3470 optima.
500 3383 544 3448 In
572 3383 771 3470 campestria
792 3383 966 3468 gramina³
988 3383 1202 3464 nobilissima,
1225 3383 1262 3446 in

208 3485 375 3550 montibus
421 3491 528 3552 castra
566 3485 675 3564 fortia,
712 3505 837 3560 aurum,
875 3489 1059 3572 argentum,
1094 3491 1128 3550 et
1166 3485 1261 3570 plura

209 3587 343 3656 metalla
366 3587 578 3656 effodiuntur.
626 3587 700 3654 Hoc
725 3585 867 3654 Orosius.

646 3873 723 3938 OAP.
757 3869 822 3936 On.

605 4029 655 4094 Da
680 4025 836 4094 Thracia.

249 4189 410 4256 Turrem
434 4193 486 4256 est
508 4191 679 4274 provincia
706 4191 741 4254 in
769 4187 906 4266 Graecia,
930 4187 1095 4274 adquam
1119 4187 1254 4252 veniens
1268 4193 1423 4246 Ofmrseia.

203 4289 307 4376 Tyrus
338 4291 426 4358 filius
452 4289 600 4378 caseph*
623 4315 644 4358 a
665 4313 725 4358 suo
757 4291 898 4368 nomine,
923 4295 962 4356 ut
986 4291 1117 4370 dieitur,
1149 4291 1253 4378 ipsam

209 4453 374 4462 u——a--ff—-m

197 4581 385 4706 B¹superctisJ
410 4565 490 4632 iratis.
509 4579 543 4630 A.
569 4579 696 4644 superatis.
780 4583 925 4646 'praminc]
945 4581 1087 4634 Germania.
1121 4583 1185 4634 RD.

221 4661 553 4806 'iustissimorum
782 4721 911 4794 aaa]
929 4727 1047 4792 cauea.
1082 4727 1147 4780 aa.
