3300 5666
536 853 716 908 nunoemn
744 853 993 908 nrsronrnnun.
1221 839 1284 902 251

236 1031 385 1120 gravitur
420 1033 600 1100 sauciatum
635 1031 768 1096 dimisit.
830 1031 903 1098 Illis
936 1031 1049 1118 itaque
1079 1031 1286 1106 irruentibus,
1303 1043 1358 1094 The

238 1137 309 1202 Deo
332 1135 473 1214 volente,
490 1135 629 1200 victoria
656 1131 846 1198 Britonibus
878 1131 1011 1214 remisit,
1029 1127 1182 1196 'navibus
1212 1153 1289 1198 vero
1302 1111 1413 1228 {gorges

239 1239 376 1304 Romarn
413 1237 646 1304 festinantibus
685 1235 881 1322 Neptunum
918 1255 978 1322 pro
1016 1233 1132 1300 castris
1170 1235 1396 1310 haberepulsco.

237 1343 399 1406 laetantur.

284 1443 547 1508 (lassibaliaunus
579 1443 621 1508 ob
657 1449 824 1528 receptum
861 1439 1065 1526 triumphurn
1097 1441 1193 1508 laetus
1225 1439 1289 1508 diis

239 1547 303 1612 suis
328 1545 488 1610 libamina
514 1545 619 1624 solvit,
644 1547 745 1610 socios
776 1567 843 1610 suae
870 1543 1017 1610 victoriae
1041 1547 1233 1610 convocavit
1255 1551 1290 1612 et

239 1649 426 1712 muneribus
450 1669 504 1712 eos
527 1647 657 1712 ditavit.
713 1647 907 1734 Augebatur
929 1647 1017 1712 enim
1041 1667 1084 1712 ex
1109 1647 1173 1712 alia
1195 1655 1290 1736 parte

240 1749 309 1834 ejus
335 1749 435 1830 dolor,
460 1749 538 1836 quia
560 1749 661 1814 frater
677 1771 754 1816 suus
777 1751 928 1816 Nunnius
950 1749 1115 1816 lethaliter
1136 1751 1290 1816 vulnera·

239 1853 336 1916 batur
366 1853 404 1916 in
429 1851 489 1918 illa
513 1873 691 1940 congressu,
716 1853 773 1940 qui
800 1853 886 1918 infra
915 1871 971 1920 XV.
1003 1853 1072 1918 dies
1096 1853 1287 1940 soquentes¹

241 1953 331 2032 obiit,
361 1955 455 2018 etin
480 1955 561 2020 urbe
588 1953 828 2020 Trinovanturn
854 1977 929 2022 curn
959 1961 1053 2042 spata
1083 1955 1289 2044 imperatoris

236 2057 335 2142 juxta
357 2063 486 2144 portam
512 2057 747 2144 Aquilonarem
777 2059 923 2146 sepultus
955 2065 1011 2126 est.
1058 2059 1188 2126 Nomen
1210 2083 1289 2126 vero

116 2247 118 2252 ι
200 2223 201 2228 ,
240 2159 341 2246 gladii
371 2165 442 2226 erat
465 2161 586 2228 Orocea
613 2161 711 2242 Mors,
736 2163 815 2250 quia
838 2163 946 2230 nullus
970 2165 1013 2230 ab
1037 2185 1074 2230 eo
1099 2165 1290 2232 vulneratus

47 2261 58 2332 i
242 2263 345 2328 evasit
368 2265 410 2328 ad
433 2263 546 2330 vitam.
576 2283 577 2286 ’

46 2345 60 2456 l

48 2465 51 2514 r

659 2631 738 2696 OAP.
755 2629 869 2696 XXII.

290 2845 410 2910 TERGA
442 2843 546 2930 igitur
569 2843 591 2908 J
593 2843 660 2908 ulio
684 2847 834 2908 vertente
867 2841 1080 2910 rebellionem
1102 2841 1363 2906 moliuntunrhe
1376 2849 1456 2930 dacis

46 2523 61 3172 ἱ
249 2947 335 3012 Galli
359 2947 542 3014 dominium
572 2947 656 3012 Julii
679 2945 888 3030 abjicientes3
912 2945 1076 3032 putabant
1098 2947 1206 3034 ipsum
1229 2919 1415 3036 θεεθῖξξθὲζῃ

248 3049 457 3116 debilitatum
479 3047 552 3114 ita2
574 3055 613 3114 ut
635 3047 823 3124 nullatenus
845 3049 985 3134 amplius
1002 3047 1048 3116 eis
1071 3049 1182 3114 tinnori
1206 3053 1296 3114 esset.
1311 3067 1383 3104 senec
1396 3051 1426 3102 or

51 3179 62 3232 a
248 3151 346 3218 Unde
369 3149 555 3218 audaciores
579 3149 684 3218 effecti
701 3151 891 3238 cogitabant
913 3153 1074 3236 quomodo
1096 3149 1259 3222 ,Caesarem
1277 3173 1298 3214 a
1312 3119 1402 3172 Cesar.

163 3293 165 3296 ·
247 3255 366 3320 finibus
389 3255 456 3320 suis
479 3253 679 3340 expellerent
691 3281 699 3336 3
734 3253 822 3340 quod
844 3253 954 3320 Julius
978 3256 1105 3334 callens,
1129 3257 1297 3320 thesauros

248 3377 321 3422 suos
344 3357 480 3442 aperuit,
504 3355 680 3420 nobiliores
712 3357 918 3422 munificatos
950 3357 986 3420 in
1021 3359 1224 3422 concordiam
1247 3377 1298 3422 re-

51 3271 60 3640 i
248 3459 351 3536 duxit,
374 3459 464 3542 plebi
486 3457 672 3522 libertatern
696 3457 873 3542 pollicetur,
899 3457 1117 3524 exhaeredatis
1138 3463 1171 3524 et
1194 3455 1296 3524 servis
1371 3517 1372 3520 ,

247 3561 380 3626 amissas
404 3559 617 3646 possessiones
639 3567 831 3626 restaurare,
878 3559 912 3624 N
914 3581 948 3626 eo
963 3561 1005 3624 ab
1027 3559 1104 3624 his3
1125 3561 1296 3630 blanditiis

164 3751 165 3754 Ἴ
248 3663 372 3750 quierit
396 3665 498 3730 donec
520 3661 698 3754 pacificatis
721 3663 846 3750 cunctis
869 3661 1020 3728 amissam
1042 3665 1238 3746 potestatem
1261 3667 1296 3728 et

248 3769 444 3856 dignitatem
467 3769 676 3856 recuperavit.
734 3767 855 3834 Nullus
878 3767 966 3832 enirn
990 3765 1059 3832 dies
1082 3763 1294 3854 praeteribat4

248 3877 327 3962 quin
350 3875 461 3962 fugam
483 3897 575 3940 suam
599 3875 639 3940 dc
661 3875 836 3938 Britannia
857 3871 1026 3938 recolebat.

296 3977 436 4042 Emenso
459 3975 591 4042 biennio
608 3977 728 4044 iterum
743 3977 838 4064 parat
851 3975 1020 4062 navigium
1044 3977 1077 4040 et
1092 3973 1128 4038 in
1143 3971 1296 4040 Britones
1309 3977 1393 4060 basar

250 4079 395 4166 disponit
417 4103 450 4146 se
473 4079 662 4162 vindicare3
695 4079 782 4166 quod
817 4101 876 4144 rex
899 4075 1073 4142 Britonunn
1097 4077 1296 4166 comperiens
1308 4049 1411 4166 {iffi
1417 4129 1432 4164 a

249 4183 345 4248 urbes
367 4181 520 4262 munivit,
545 4181 667 4250 moenia
690 4183 801 4248 diruta
823 4181 1003 4262 renovavit,
1028 4181 1131 4248 cretus
1153 4181 1296 4246 militum
1310 4183 1401 4264 second

52 4243 63 4406 l
250 4283 287 4348 in
310 4285 447 4370 singulis
470 4287 620 4376 portibus
643 4285 767 4352 statuit.
815 4285 978 4352 Praeterea
1006 4305 1069 4370 quo
1095 4259 1425 4368 Cesarerar²13¹¹¹554‚

248 4387 463 4476 navigaturus
485 4389 522 4452 in
536 4387 687 4454 Tamensi
708 4385 819 4468 fluvio,
836 4386 919 4474 palis
940 4387 1053 4454 ferreis
1075 4391 1172 4476 atque
1194 4389 1299 4476 plume

235 4709 237 4716 ‘
282 4709 435 4778 ¹scqucntec]
455 4723 504 4764 orn.
537 4709 567 4762 Β.
656 4757 658 4764 ,
780 4705 781 4710 ’
834 4707 905 4778 ³bic]
920 4709 983 4762 aliis.
1016 4709 1071 4760 13„
1175 4723 1176 4728 ’

284 4793 354 4860 ²r'to]
373 4807 421 4844 orn.
455 4791 520 4842 RD.
837 4791 1010 4856 *preteribofl
1029 4785 1191 4856 praeludebat.
1224 4787 1255 4842 B:
1278 4783 1279 4786 Ἰ

52 4465 64 4994 r

51 5017 63 5654 l
