3300 5666
315 899 379 966 342
607 911 787 964 nocoeron
810 911 1056 964 Hrsroerreorr.

147 1091 276 1144 Theffis·
313 1091 421 1174 posset
455 1087 634 1154 exercitum
672 1109 768 1152 suum
798 1087 900 1152 libere
938 1087 1115 1152 conducere
1145 1091 1179 1152 et
1212 1085 1240 1150 si
1272 1107 1353 1172 opus

146 1159 246 1292 ffig⁰f
311 1189 479 1254 occidisset
502 1211 570 1256 sese
592 1187 678 1254 infre
704 1211 742 1254 ee
773 1189 922 1276 recipere.
968 1189 1060 1254 Duos
1083 1187 1182 1252 etiem
1205 1187 1353 1252 consules

143 1295 252 1346 Arthur·
314 1291 474 1358 Bosonern
496 1293 537 1358 de
559 1289 743 1358 Uedobon¹
776 1295 810 1356 et
827 1289 987 1358 Gerinurn
1010 1291 1051 1356 de
1074 1289 1299 1378 Cernotense2
1322 1295 1356 1356 et

314 1391 522 1458 Welwennrn
560 1399 711 1480 nepotem
741 1415 837 1458 suurn
860 1393 963 1460 Lucio
990 1393 1128 1458 Hiberio
1166 1393 1289 1458 direxit
1318 1397 1358 1456 ut

314 1501 525 1582 suggererent
557 1495 587 1560 ei
621 1499 783 1582 quotenus
816 1495 984 1562 recederet
1018 1517 1038 1560 e
1070 1493 1192 1558 finibus
1230 1491 1355 1572 Gallice,

316 1603 375 1664 cut
405 1601 537 1684 postero
560 1595 612 1662 die
644 1597 697 1664 od,
719 1595 966 1682 expetendum³
989 1595 1117 1662 veniret
1140 1599 1213 1684 quis
1246 1619 1356 1664 eorum

316 1697 450 1782 majus*
467 1699 523 1780 jus
546 1697 581 1760 in
607 1697 770 1762 Gelliem⁵
801 1697 945 1762 heberet.
990 1697 1137 1764 «Iuvenes
1160 1721 1237 1766 vero
1260 1701 1359 1766 curie

316 1803 486 1888 coeperunt
507 1801 652 1864 maximo
680 1799 801 1888 gaudio
824 1801 982 1866 fluctuare
1013 1805 1047 1866 et
1070 1801 1279 1868 Welwanurn
1301 1801 1359 1868 sti-

314 1905 503 1982 mutarent
525 1901 612 1966 infre
635 1907 742 1968 cestre
764 1903 971 1988 imperatoris
993 1903 1158 1988 inciperet,
1184 1925 1247 1990 quo
1271 1925 1361 1970 occe-

314 2007 439 2072 sionem
461 2005 621 2072 heberent
643 2005 876 2094 congrediendi
898 2027 972 2072 curn
995 2003 1158 2072 Romanis.

359 2107 609 2176 Porrerernnt6
641 2109 690 2174 illi
724 2111 768 2174 ed
790 2109 930 2174 Lucium
962 2113 996 2174 et
1034 2109 1281 2196 praeceperunt⁷
1319 2129 1360 2174 ex

314 2217 408 2300 perte
430 2213 570 2278 Arthuri
601 2235 622 2276 e
644 2211 752 2276 Gessio
788 2213 937 2276 recedere
970 2215 1029 2276 ant
1058 2209 1114 2276 in⁸
1147 2217 1275 2300 postero
1308 2213 1359 2276 die

314 2315 355 2380 od
385 2315 600 2402 pugnandum
628 2315 747 2380 venire.
794 2313 864 2378 At⁹
887 2313 967 2378 dnm
998 2315 1207 2402 responderet
1236 2315 1290 2390 eis
1328 2335 1362 2378 se

313 2419 401 2484 notie
431 2419 579 2486 recedere
617 2417 718 2484 immo
756 2417 798 2482 ed
832 2417 1013 2506 regendum
1023 2417 1048 2454 ¹⁰
1070 2419 1161 2484 illem
1199 2417 1359 2498 accedere,

313 2521 465 2588 interfuit
503 2515 737 2602 Quintianusll
785 2519 878 2586 Lucii
922 2543 1029 2608 nepos.
1092 2523 1159 2588 Hic
1169 2521 1194 2560 ¹²
1231 2521 1362 2588 dicebat

314 2623 470 2690 Britones
510 2627 617 2714 magis
649 2625 816 2710 jactantie
852 2628 887 2689 et
923 2625 1023 2690 minis
1060 2625 1229 2692 abundare
1263 2645 1362 2710 quern

313 2727 451 2792 audacie
473 2731 508 2792 et
530 2729 695 2814 probitate
718 2729 834 2794 velere.
886 2723 996 2792 Iratus
1019 2727 1104 2792 illico
1121 2727 1146 2766 ¹³
1169 2727 1359 2792 Welwonns

314 2831 488 2918 evaginato
512 2853 586 2896 ense
619 2855 683 2918 quo
721 2831 885 2898 accinctus
919 2835 990 2898 eret
1022 2831 1118 2896 irruit
1151 2831 1188 2896 in
1220 2853 1295 2896 eum
1327 2835 1361 2894 et

313 2939 410 3020 ceput
446 2933 644 3020 amputavit,
668 2939 703 3000 et
729 2937 845 3000 stetim
875 2937 918 3000 od
949 2957 1047 3020 equos
1082 2957 1155 2998 cum
1190 2933 1283 2998 sociis
1314 2933 1363 3016 di·
1430 3021 1431 3024 Ἴ

312 3035 469 3122 greditur.
533 3037 761 3122 insequuntur
798 3037 911 3122 itaque
943 3035 1083 3100 Romani
1121 3035 1243 3122 partim
1280 3035 1362 3122 pede

312 3137 435 3224 partim
479 3137 515 3200 in
539 3139 630 3222 equis
662 3143 702 3202 nt
733 3137 900 3202 concivem
932 3161 1027 3204 suurn
1060 3125 1100 3202 in
1117 3139 1243 3224 legatos
1274 3137 1364 3204 omni

311 3241 387 3306 nisu
410 3239 618 3326 diffugientes
639 3239 818 3308 vindicent.
1252 3249 1253 3254 ’

359 3343 500 3410 Gerinus
539 3341 748 3410 Cernotensis
787 3345 866 3410 durn
897 3343 1030 3430 quidem
1043 3341 1068 3380 ¹4
1105 3367 1217 3410 eorum
1254 3345 1362 3432 ipsnrn

306 3443 474 3534 ,attingere
496 3445 654 3534 inciperet
677 3469 719 3512 ex
740 3447 920 3532 improviso
935 3469 1083 3512 reversus
1102 3449 1249 3514 lenceem
1271 3471 1363 3512 suem

269 3539 271 3542 ⁵
313 3551 444 3630 direxit,
469 3553 504 3614 et
533 3549 639 3636 ipsum
670 3571 729 3636 per
751 3549 897 3618 medinm
920 3571 1035 3638 corpus
1056 3551 1259 3638 perforatum
1288 3573 1362 3638 pro-

311 3649 439 3720 stravit.

358 3755 488 3820 invidit
519 3775 596 3842 ergo
620 3755 704 3820 Boso
729 3753 816 3842 quod
846 3759 976 3822 tentem
1007 3755 1206 3842 probitatem
1235 3753 1365 3820 fecisset

314 3859 531 3940 Oernotensis,
554 3879 673 3944 equum
683 3853 708 3896 ¹⁵
731 3879 827 3924 suum
849 3863 1040 3944 retorquens
1055 3857 1107 3924 cni
1129 3857 1220 3944 prius
1241 3857 1365 3924 obierit

348 4185 501 4250 1Παιίοόοη]
519 4181 651 4236 Vadobod.
683 4181 747 4236 RD.
896 4179 905 4212 ¹
911 4183 1090 4248 preceperunt]
1109 4181 1155 4232 illi.
1168 4185 1224 4234 add.
1257 4185 1287 4234 Β.

347 4277 396 4328 ²de
433 4277 592 4342 Carnotccec]
629 4277 816 4332 carnotensem.
894 4261 951 4328 si²2]
971 4271 1020 4312 om.
1053 4261 1086 4310 D·

313 4355 378 4406 B2D.
893 4339 963 4406 9Αι]
982 4341 1023 4390 Et.
1057 4339 1090 4388 D.

344 4449 531 4514 superandum]
549 4451 719 4514 pugnandum·
747 4451 813 4500 RD·
893 4417 1304 4562 iigzizzznddeieggdidntiiiiadds
1332 4501 1362 4550 B.

332 4541 352 4578 ,⁴
365 4541 456 4608 majos]
474 4541 563 4606 magis.
596 4541 661 4590 B.D.
891 4577 910 4606 12
920 4577 985 4642 Hic]
1004 4575 1054 4640 qui·
1088 4575 1153 4626 ΗΠ

343 4631 485 4700 marom]
506 4633 596 4702 esne.
629 4637 693 4688 RD·
891 4649 994 4720 rotie]
1014 4655 1104 4718 caque.
1121 4655 1185 4704 nn.

347 4725 537 4792 ⁶Porrcxcrunt]
557 4725 810 4784 Perrexerunt.A.B.
892 4733 1028 4800 1⁴quidem]
1049 4733 1157 4798 quidam.
1192 4735 1259 4788 B.D.

307 4805 339 4856 De
523 4829 524 4832 ¹
890 4813 1016 4880 15οςιιωη]
1036 4819 1066 4864 et.
1077 4829 1162 4878 prtem.
1196 4817 1262 4866 B.Da
