3300 5666
202 1621 288 1674 Ofthe

204 1691 289 1742 island
301 1691 330 1742 of

205 1757 295 1810 Gades,

653 847 834 900 EULOGIUM
856 847 1100 900 HISTORIARUM.

795 1253 875 1320 One.
898 1253 965 1320 LV.

707 1443 756 1508 Do
779 1443 927 1510 Iasolct¹
955 1443 1068 1510 Gadis.

416 1629 526 1696 Gnnls
555 1631 662 1698 insula
683 1631 804 1698 dividit
832 1631 976 1696 Africam
1009 1637 1042 1698 et
1072 1629 1284 1718 Europam,
1275 1653 1312 1694 1n
1340 1631 1406 1694 fine

372 1731 542 1820 Hispaniae
587 1735 660 1812 sita,
698 1733 735 1798 in
780 1755 845 1820 qna
889 1733 1046 1800 Hercules
1089 1735 1200 1820 posuit
1244 1733 1410 1800 oolumnas

374 1839 538 1904 mirabiles
578 1859 691 1904 aureas
722 1837 758 1902 in
782 1835 932 1902 faucibus
969 1837 1073 1904 Maris
1103 1837 1305 1922 Tyrrhenaei
1350 1835 1412 1902 Est

374 1947 484 2006 autem
500 1963 520 2006 a
534 1941 685 2028 proxima
700 1943 790 2006 terra
805 1957 832 2006 ο.
848 1945 882 2006 et
897 1957 959 2032 ¹Xan
974 1941 1123 2026 passibus
1139 1947 1299 2028 separata,
1316 1961 1416 2026 quant

372 2045 504 2130 Tyridae
528 2045 641 2108 Rubro
665 2045 751 2108 Mari
777 2043 917 2132 profecti
941 2049 1137 2132 occupantes
1165 2045 1202 2108 in
1223 2043 1338 2132 lingua
1359 2065 1419 2108 sua

377 2147 492 2228 Gadis,
531 2145 566 2210 id
604 2151 654 2212 est
690 2153 825 2232 septam
861 2147 1124 2226 nominaverunt,
1157 2169 1218 2234 pro
1256 2169 1293 2212 eo
1331 2147 1420 2232 quod

374 2251 458 2316 mari
479 2251 524 2316 sit
546 2251 691 2336 undique
715 2251 948 2336 oiroumsepta3
971 2249 1018 2316 ibi
1041 2249 1155 2316 orosoit
1178 2250 1275 2315 arbor
1296 2249 1424 2336 palmae,

374 2355 415 2418 de
437 2375 570 2440 gnmmo
594 2355 686 2440 eujus
707 2353 748 2420 fit
771 2375 901 2440 gemma
929 2353 1101 2420 oeromina.
1157 2351 1221 2416 Illa
1252 2351 1359 2416 insula
1378 2353 1428 2416 ita

313 2529 314 2532 Ἴ
375 2453 567 2544 speciebus²
590 2457 717 2534 referta,
743 2455 832 2544 quod
863 2453 1001 2528 multae³
1023 2455 1141 2522 mundi
1164 2461 1276 2546 partes
1299 2455 1338 2522 de
1370 2453 1430 2522 eo⁴

217 3263 255 3314 Of
263 3263 325 3314 Car·

215 3329 297 3394 thage.

377 2561 534 2630 ditantur.
580 2559 654 2628 Hoo
677 2559 834 2628 isidorus.

810 2879 891 2948 Ota.
918 2879 1005 2948 LVI.

767 3071 818 3138 De
842 3069 1062 3158 Gnathopine.

434 3261 624 3326 OARTHAGO
652 3265 702 3326 est
725 3261 761 3326 in
786 3259 952 3346 Hispania
974 3261 1095 3328 Africae
1118 3261 1308 3348 provinciae,
1332 3267 1366 3326 et
1389 3265 1439 3326 ast

388 3365 511 3450 duplex
548 3361 609 3428 infi
648 3365 820 3452 Hispania,
859 3363 993 3444 soiJioet,
1029 3363 1138 3448 Major
1175 3369 1210 3430 ot
1248 3363 1366 3442 Minor,
1406 3369 1440 3428 et

387 3471 562 3554 utrumque
578 3467 727 3534 condidit
745 3467 903 3532 Nardido
939 3467 1000 3532 Illo
1017 3467 1057 3532 de
1075 3467 1232 3532 Phoenice
1247 3465 1441 3554 piofioiens⁶

385 3571 501 3636 urbem
533 3571 749 3650 oondidit‚et
715 3577 846 3638 eteam
867 3571 1048 3656 primos
1001 3569 1048 3638 ta
1050 3569 1218 3636 sational
1205 3571 1316 3658 lingua
1343 3569 1439 3636 Phoe-

293 3749 295 3754 !
386 3673 474 3740 nioia
504 3675 699 3752 nominavit,
676 3679 807 3760 tquae
836 3675 951 3762 postea
980 3695 1038 3760 per
1073 3695 1240 3758 syncopen
1275 3673 1440 3762 Carthago

386 3779 557 3842 nominata
587 3783 659 3844 ost:
691 3779 780 3844 unde
812 3783 885 3842 tota
922 3775 1093 3862 provincia
1123 3775 1173 3840 ita
1202 3775 1350 3840 vocitata
1381 3781 1438 3842 est.

388 3881 570 3946 Civitatem
604 3885 716 3946 antem
749 3881 834 3946 hano
864 3901 939 3944 oum
970 3881 1071 3950 fuerit
1105 3879 1369 3944 nominatissima
1406 3885 1441 3946 et

386 4005 455 4048 non
491 3983 627 4050 inferior
649 3983 756 4050 Roma
779 3983 889 4070 Scipio
914 4007 988 4050 oum
1012 3983 1238 4048 Romanorum
1271 3979 1440 4048 exorcitu⁷

1298 4169 1438 4178 ...-..—..--

422 4281 542 4346 1Ιηειιῐοι]
562 4295 612 4330 om.
646 4281 679 4330 D.
929 4281 1042 4346 heading
1054 4281 1109 4346 just
1126 4283 1206 4332 above
1224 4281 1252 4344 it,
1264 4281 1284 4332 it
1301 4283 1323 4332 is
1336 4283 1442 4332 diffioult

422 4359 434 4388 ²*
441 4357 577 4424 speciebus]
598 4365 642 4408 est.
661 4361 717 4408 add.
735 4357 800 4408 RD.
929 4369 956 4412 to
976 4375 1021 4424 say
1040 4361 1108 4412 what
1126 4359 1169 4412 the
1187 4367 1299 4412 eontraot
1289 4361 1344 4412 tion
1361 4361 1440 4412 above

422 4435 534 4502 ³maltce]
553 4435 692 4486 multiB
929 4439 993 4490 the'
983 4455 992 4486 a
1004 4439 1027 4488 is
1037 4445 1122 4490 meant
1133 4445 1159 4490 to
1170 4447 1306 4502 represent.

422 4515 482 4580 4εο]
502 4529 539 4564 ea.
572 4513 605 4564 B.
965 4517 1125 4582 Βρνιῃῖοίεπε]
1145 4517 1278 4580 profect.us
1312 4517 1377 4568 BD.

423 4595 491 4658 ⁵in]
509 4591 675 4642 Interlined
666 4607 694 4640 in
711 4591 754 4654 A,
771 4593 816 4642 but
833 4591 898 4642 from
965 4595 1104 4662 exercito]
1127 4595 1440 4664 Interl1ned1nA,prima

389 4675 432 4726 the
455 4671 587 4724 confusion
615 4673 729 4722 between
749 4671 794 4722 the
821 4685 900 4734 upper
931 4691 1011 4726 manu.

390 4761 447 4818 part
458 4751 559 4804 ofthe
549 4769 558 4802 ι
569 4751 621 4802 and
631 4749 674 4802 tho
685 4751 755 4816 large
771 4749 801 4800 D
814 4751 844 4802 of
855 4749 899 4802 the
