3300 5666
488 823 669 892 abacorum
692 845 941 894 ursromauun.
1176 827 1234 900 nt

194 1043 248 1100 quo
273 1025 367 1082 doloso
385 1025 457 1082 facto
475 1025 597 1090 consilio,
617 1043 712 1082 omnes
731 1025 766 1080 ad
783 1027 892 1100 propria
908 1025 1063 1092 redierunt3
1089 1031 1116 1082 et
1133 1027 1235 1082 illamm

187 1109 287 1182 junior,
310 1127 373 1164 oum
396 1109 526 1164 maritum
550 1127 633 1164 suum
656 1107 777 1174 vidisset,
800 1111 892 1162 statim
917 1109 951 1166 ab
975 1111 1033 1180 ejus
1058 1109 1144 1164 oculis
1168 1109 1235 1164 lach·

190 1211 273 1266 rymae
290 1193 474 1266 erumpebant.
514 1191 600 1264 Cujus
621 1193 744 1264 ploratus
762 1191 877 1250 maritus
894 1193 1035 1264 inquirens
1055 1209 1164 1248 causam
1181 1211 1235 1262 ipsa

191 1277 297 1334 veniam
320 1275 527 1348 genuflectendo
558 1275 699 1332 humiliter
728 1277 882 1346 postulans,
915 1277 968 1332 sibi
997 1275 1156 1348 hujusmodi
1178 1295 1235 1348 pro·

191 1361 321 1416 ditionem
340 1361 496 1414 ordinatam
509 1361 626 1416 manavit
650 1357 837 1430 perordinem
856 1365 882 1414 et
901 1361 1016 1430 qualiter
1036 1359 1131 1414 timore
1145 1361 1234 1414 mortis

192 1445 242 1498 sibi
254 1445 335 1498 illatae
358 1443 484 1498 occisioni
509 1461 566 1496 suaa
579 1447 750 1498 consenserat
769 1443 910 1498 verbaliter
932 1445 959 1496 et
977 1459 1034 1498 non
1052 1441 1140 1498 corde.
1178 1441 1235 1500 uuo

190 1547 237 1598 per
260 1527 389 1582 maritum
412 1527 506 1582 audito
529 1527 587 1598 ipse
611 1545 724 1582 uxorem
749 1543 828 1580 suam
851 1527 882 1581 in
905 1525 1077 1596 amplexibus
1103 1525 1235 1580 osculatus

191 1615 238 1676 est,
265 1611 356 1666 dicens
388 1609 464 1682 quod
494 1627 574 1680 super
603 1609 656 1664 hoc
681 1611 759 1664 Deus
783 1613 930 1682 apponeret
954 1605 1113 1664 remedium.
1159 1609 1236 1664 blane

190 1697 282 1748 autern
308 1693 381 1748 facto
405 1693 458 1766 ipsi
482 1691 564 1748 simul
584 1691 621 1748 ad
645 1709 737 1766 regem
762 1691 873 1748 Graeciae
905 1691 1061 1748 accedentes
1091 1693 1235 1748 retulerunt

190 1777 240 1832 sibi
273 1777 364 1834 omnia
395 1795 444 1850 per
474 1775 546 1850 ipsas
577 1775 647 1832 filias
680 1793 743 1832 ruas
775 1781 831 1832 tam
864 1774 1080 1848 proditionaliter
1109 1775 1233 1844 ordirata,

188 1859 264 1934 quod
299 1879 345 1916 rex
379 1859 490 1916 Graeciae
521 1863 633 1916 moleste
664 1877 760 1932 gerens
794 1859 887 1916 stetim
922 1859 1018 1916 direxit
1049 1877 1113 1916 suas
1142 1861 1233 1926 literas,

190 1947 292 2000 annulo
314 1943 386 2014 regis
406 1943 534 2014 signatas,
560 1941 635 2014 quod
659 1943 724 2000 dicti
757 1961 832 2014 reges
865 1961 928 1998 cum
963 1943 1019 1998 suis
1052 1943 1177 2000 uxoribm
1201 1943 1236 2000 ad

189 2045 271 2082 suum
299 2031 475 2100 conspectum
503 2027 633 2084 venirent,
689 2027 798 2086 Quibus
830 2025 960 2082 omnibus
996 2027 1137 2094 accersitis,
1163 2025 1236 2082 dictis

189 2109 296 2164 filiabus
314 2115 485 2182 perpetrem
504 2129 585 2164 suum
614 2129 696 2182 super
719 2109 763 2166 his
791 2129 913 2166 seorsum
939 2111 1098 2166 examinatis
1124 2115 1151 2166 et
1172 2111 1236 2166 sub·

187 2195 270 2250 tiliter
303 2193 392 2260 victis,
425 2195 505 2248 filias
527 2213 590 2250 suas
626 2195 685 2266 oapi
716 2197 743 2248 et
773 2195 931 2250 incarcerari
966 2193 1114 2258 mandavit,
1156 2193 1236 2248 teneo

190 2277 327 2332 seniorum
350 2277 464 2332 consilio
488 2281 516 2334 et
540 2277 695 2350 sapientum
719 2277 786 2348 quid
811 2269 904 2332 contra
928 2297 973 2334 eos
997 2279 1056 2332 fieri
1080 2277 1180 2332 debent
1200 2277 1236 2332 ad
1304 2315 1311 2332 .

190 2363 303 2432 plenum
335 2359 525 2418 deliberaretur
554 2363 583 2414 in
614 2361 665 2418 hac
697 2365 782 2432 purte.
829 2361 866 2416 Et
896 2363 957 2418 licet
988 2361 1054 2432 ipsae
1083 2363 1235 2418 vilissmam
1278 2371 1280 2376 '

189 2449 304 2498 mortem
322 2451 465 2516 propterea
488 2451 648 2512 meruerant,
662 2445 727 2518 quia
750 2449 843 2498 tamen
868 2445 901 2500 de
924 2445 995 2498 tanti
1017 2445 1088 2516 regis
1110 2447 1235 2516 sanguine

188 2529 303 2594 fuerant,
327 2525 401 2588 idern
423 2547 470 2582 rer
488 2527 653 2600 adjudicavit
671 2547 715 2582 eas
734 2529 807 2584 mitti
833 2527 927 2584 debere
950 2529 1117 2594 inexilium,
1134 2529 1235 2599 juniore

189 2615 312 2682 excepta,
338 2609 466 2666 ordinans
491 2611 566 2684 quod
590 2611 668 2666 dictae
694 2611 758 2666 filiae
782 2631 838 2666 suae
863 2611 965 2684 absque
988 2613 1077 2678 remis,
1103 2603 1234 2678 vehiculis,

189 2693 426 2766 gubernatoribus,
446 2699 472 2750 et
504 2693 617 2760 cibariis,
649 2699 676 2750 et
712 2695 823 2764 potibus
854 2699 1019 2766 ponerentur
1052 2695 1080 2748 in
1115 2695 1233 2760 naribus,

191 2777 266 2850 quod
289 2783 316 2834 et
347 2777 453 2832 factum
484 2783 538 2834 est:
571 2777 645 2832 unde
675 2777 754 2832 dictae
785 2777 911 2834 mulieres
938 2779 1039 2850 absque
1063 2777 1181 2834 authors
1205 2777 1235 2832 in

189 2879 258 2916 nave
281 2861 318 2916 sio
342 2861 447 2930 positae,
472 2865 498 2916 et
521 2861 550 2914 in
574 2861 661 2914 altum
689 2879 762 2914 mare
782 2879 830 2932 per
853 2861 942 2916 undas
963 2867 990 2916 et
1013 2861 1114 2916 fluctus
1134 2861 1183 2916 hro
1208 2865 1236 2914 et

189 2945 254 2998 illuc
277 2943 464 3000 miserabiliter
487 2943 609 2998 deductae
633 2945 662 2998 in
682 2961 783 3014 magno
806 2945 924 3014 periculo
945 2945 1125 3016 ponebantur,
1145 2953 1165 2998 et
1182 2945 1236 2998 fere

191 3029 262 3092 fame
284 3033 310 3082 et
335 3027 473 3082 doloribus
491 3027 637 3098 perierunt,
660 3027 786 3082 cadentes
811 3029 909 3098 saepius
931 3027 960 3080 in
984 3027 1105 3094 extasim,
1127 3033 1236 3098 tenpes-

189 3111 291 3166 tatibus
308 3111 432 3182 undique
450 3115 636 3182 conquassatae
648 3111 738 3166 tribus
757 3109 852 3166 diebus
873 3115 899 3166 et
917 3111 1060 3178 noctibus3
1073 3105 1233 3166 ¹nullatenus

190 3197 374 3252 semoventes
398 3193 584 3266 postmodum,
609 3195 686 3250 navis
710 3213 804 3256 aarum
827 3193 864 3248 ad
887 3197 986 3258 terram
1007 3193 1125 3256 deducta
1144 3201 1188 3260 ert,
1209 3197 1236 3248 et

134 3321 137 3326 .
188 3279 255 3332 mari
278 3295 306 3332 se
326 3275 477 3332 retrahente
490 3277 591 3332 Albine
614 3295 681 3354 quae
698 3277 787 3332 senior
804 3277 894 3332 fuerat
922 3281 1020 3332 terram
1040 3279 1118 3350 cepit,
1139 3279 1235 3332 ceteris

190 3361 325 3416 sororibus
350 3361 406 3416 suis
426 3377 483 3434 prae
509 3361 599 3418 dolore
617 3363 648 3418 in
668 3367 768 3416 terrem
791 3363 885 3434 pronis
900 3359 1071 3432 jacentibus3
1095 3363 1236 3434 resumptis

189 3445 292 3500 viribus
315 3445 412 3500 herbas
437 3445 534 3502 crudas
559 3451 641 3518 atque
659 3447 766 3500 fructus
799 3445 927 3500 arborum
951 3445 1143 3510 comederunt3
1163 3465 1236 3518 repe·

189 3529 287 3594 ¹rientes
310 3533 409 3584 terram
443 3527 588 3584 Comubiae
620 3529 724 3602 absque
752 3527 912 3594 habitatore,
944 3545 1026 3600 quam
1055 3529 1156 3584 Albine
1185 3545 1236 3584 suo

93 3655 101 3674 .
189 3613 298 3668 nomine
321 3611 428 3668 vocavit
452 3611 561 3668 Albion.
610 3613 693 3668 Terra
716 3617 809 3666 autern
833 3609 993 3680 hujusmodi
1016 3611 1079 3666 feris
1101 3617 1128 3666 et
1147 3609 1234 3666 bestiis

189 3701 244 3750 erat
268 3697 354 3766 plena,
380 3695 413 3750 de
437 3695 537 3768 quibus
560 3695 626 3766 ipsae
650 3695 776 3750 mulieres
795 3691 932 3748 comedere
950 3695 1120 3764 appetebant,
1140 3695 1182 3748 sed
1199 3693 1233 3748 ad

191 3779 333 3850 capiendas
357 3797 409 3844 eas,
434 3797 509 3832 arma
526 3779 618 3850 aliqua
641 3797 699 3832 non
720 3777 861 3842 habentes,
887 3777 1022 3830 subtiliter
1046 3775 1236 3832 ordinaverunt

186 3863 265 3934 quod
298 3863 331 3916 de
365 3863 478 3932 ‘virgulis
510 3867 537 3918 et
560 3861 737 3932 rigiminibus
758 3861 908 3916 virentibus
932 3859 1027 3916 fierent
1052 3861 1104 3928 sibi
1129 3865 1234 3932 trappas

189 3965 238 4018 pro
258 3947 336 4002 dictis
358 3947 452 4002 bestiis
476 3945 621 4016 capiendis,
646 3951 672 4000 et
697 3965 741 4000 eas
761 3961 824 4000 curn
842 3945 925 4016 petris
944 3963 960 3998 a
980 3985 985 3998 .
1007 3985 1013 3998 .
1034 3985 1041 3998 .
1060 3947 1095 3998 tis
1115 3943 1148 3998 de
1166 3945 1234 3998 silice

190 4031 363 4094 excoriantes,
389 4035 416 4086 et
438 4031 468 4084 iu
486 4031 570 4086 coreis
593 4049 687 4086 earum
708 4047 799 4086 carues
819 4033 973 4100 coquentes,
993 4029 1031 4084 sic
1049 4029 1183 4100 ingeniose
1202 4029 1235 4084 de

189 4113 262 4168 silice
294 4115 387 4184 iguem
415 4119 556 4170 traxerunt
588 4119 615 4168 et
643 4131 738 4168 carnes
771 4116 861 4168 coctas
882 4113 1059 4166 comederunt
1066 4135 1074 4178 3
1100 4113 1185 4168 taliter
1208 4117 1234 4168 et
1316 4101 1325 4116 ‘

188 4193 303 4262 pingues
328 4191 501 4258 devenerunt,
526 4197 552 4246 et
577 4211 640 4248 curn
659 4197 782 4264 tempore
803 4193 888 4246 calore
911 4197 1017 4246 naturae
1032 4189 1235 4246 abundaverunt

189 4277 282 4332 rtatim
314 4277 347 4330 de
378 4277 488 4332 luxuria
514 4277 699 4342 tentabantur,
731 4273 807 4348 quod
835 4275 930 4332 incubi
951 4275 1151 4332 considerantes
1175 4295 1233 4332 cum

190 4355 393 4412 oblectamentis
418 4355 506 4412 coitus
527 4355 689 4422 habuerant,
701 4357 769 4412 tales
792 4355 886 4412 incubi
910 4357 1050 4412 carnaliter
1070 4355 1236 4412 coinstebant
1272 4375 1274 4380 ’

190 4457 254 4494 curn
285 4439 332 4506 eis,
362 4439 498 4496 neminem
530 4439 652 4496 videntes
685 4439 733 4496 sed
761 4445 897 4514 spermata
918 4441 1064 4496 sentientes
1070 4463 1079 4508 3
1103 4439 1140 4496 sie
1165 4439 1237 4514 quod

189 4523 254 4578 dicti
277 4523 370 4580 incubi
394 4545 426 4586 ex
450 4525 487 4580 eis
506 4525 629 4598 gigantes
653 4523 794 4580 horribiles
818 4531 981 4596 genuerunt,
1005 4531 1032 4580 et
1049 4531 1148 4580 terram
1166 4525 1236 4580 illam

101 4635 102 4640 =
189 4605 347 4678 hujusmodi
370 4609 528 4682 gigantibus
548 4611 738 4680 repleverunt3
770 4611 818 4682 qui
840 4615 929 4664 totam
952 4617 1052 4672 terram
1076 4613 1236 4682 occupantes

188 4689 216 4742 et
239 4703 303 4742 curn
326 4687 362 4742 ad
389 4693 496 4746 atatem
518 4693 645 4746 venerant
666 4707 699 4746 ex
719 4691 853 4746 matribus
877 4689 993 4760 propriis
1017 4689 1089 4744 filios
1115 4693 1141 4742 et
1169 4687 1235 4742 ilias
