3300 5666
506 863 687 928 unicornu
710 877 956 928 maronianum.
1190 859 1253 932 373

212 1049 292 1130 nos,l
325 1071 399 1136 quae
440 1051 585 1136 patriam
632 1075 732 1138 quam
779 1053 903 1120 videtis
947 1051 1101 1116 omnibus
1134 1051 1254 1116 vicinis

210 1155 419 1218 adversatam
444 1155 587 1218 viriliter
609 1153 749 1220 tuetur.2

254 1255 433 1340 Postquam
458 1261 572 1322 autem
596 1255 646 1318 his
671 1259 705 1318 et
728 1253 801 1320 aliis
816 1255 915 1322 finem
939 1257 1071 1322 dicendi
1093 1255 1173 1322 tecit
1195 1255 1254 1320 ali-

210 1359 407 1442 quantulum
438 1357 679 1420 verecundatus
704 1355 875 1422 Oadwallc
899 1361 935 1420 iu
967 1357 1056 1424 huno
1087 1357 1254 1424 verbum³

209 1459 399 1544 respondit:
435 1457 554 1522 Grates
578 1457 791 1524 multimodas
827 1457 892 1522 tibi
923 1481 995 1544 age,
1018 1481 1087 1536 rex,
1121 1461 1254 1544 regibus

209 1561 318 1626 atavis
349 1561 446 1640 edite,
473 1559 550 1646 quia
572 1561 737 1628 auxilium
759 1561 841 1626 mihi
864 1561 1032 1648 promittis
1055 1567 1094 1626 ut
1116 1583 1255 1646 regnum

209 1685 319 1730 meum
353 1685 549 1750 recuperem.
598 1665 672 1730 Hoc
699 1663 788 1730 enim
822 1663 910 1748 quod
944 1665 1074 1730 dicebas
1106 1661 1255 1728 mirum⁴

209 1787 278 1830 esse
300 1771 433 1850 gentem
456 1771 606 1832 nostram
629 1787 696 1832 non
719 1787 863 1830 servasse
887 1787 1023 1832 avorum
1047 1765 1253 1852 dignitatem,

207 1875 381 1952 postquam
405 1869 558 1934 Britones
581 1871 624 1934 ad
647 1869 834 1956 provincias
858 1873 1029 1950 venerunt,
1046 1889 1254 1956 nequaquam

208 1971 438 2034 admirandum
467 1991 589 2036 censeo.
712 1973 715 1980 “

252 2071 438 2138 Nobiliores
461 2093 564 2136 manu
587 2071 690 2136 totius
713 2071 807 2158 regni
827 2075 1000 2158 praedictos
1027 2073 1125 2140 duces
1151 2075 1255 2138 secuti

208 2173 342 2238 fuerunt
372 2179 406 2240 et
431 2173 592 2258 ignobiles
623 2179 859 2252 remanserunt,
892 2177 949 2258 qui
977 2159 1123 2260 ipsorum
1156 2177 1256 2260 potiti

209 2281 287 2342 sunt
317 2275 502 2342 honoribus.
551 2275 617 2354 Qui
649 2297 723 2340 oum
761 2275 867 2340 vicem
905 2277 1070 2342 nobilium
1107 2277 1255 2342 obtinere

210 2379 385 2464 coepissent
416 2377 609 2442 extulerunt
635 2377 694 2442 se⁵
725 2383 917 2462 arroganter
939 2379 1028 2444 ultra
1055 2401 1153 2462 quaro
1184 2379 1253 2464 dig-

208 2481 297 2546 nitas
326 2481 507 2566 expetebat
543 2485 578 2546 et
609 2479 651 2544 ob
682 2479 884 2546 affluentiam
915 2481 1107 2546 divitiarum
1146 2501 1255 2568 super-

207 2581 273 2648 biri
296 2579 494 2670 6coeperunt
515 2587 549 2648 et
581 2579 692 2648 tanti⁷
722 2581 928 2648 fornicationi
954 2581 1123 2668 indulgere
1150 2583 1256 2668 qualis

206 2683 295 2748 inter
338 2689 453 2770 gentes
484 2685 576 2772 prius
616 2685 731 2750 audita
770 2705 836 2748 non
881 2689 939 2760 est,
983 2689 1016 2750 et
1056 2689 1095 2746 ut
1142 2683 1257 2748 Gildas

207 2785 488 2872 historiographus
532 2789 683 2864 testatur,
710 2807 777 2850 non
820 2785 923 2850 solum
961 2785 1021 2850 hoc
1048 2785 1168 2874 vitium
1199 2785 1256 2850 sed

208 2887 318 2952 omnia
359 2909 432 2972 quae
463 2885 616 2954 humanae
656 2891 784 2952 naturae
824 2887 969 2952 accidere
1010 2885 1165 2972 possent.8
1210 2887 1256 2952 Et

208 2991 370 3076 praecipue
393 2989 481 3074 quod
500 2989 604 3054 totius
626 2989 705 3054 boni
732 2989 852 3054 evertit
883 2991 1018 3070 statum,
1032 2987 1146 3056 ,odium
1172 2989 1256 3052 veri-

208 3093 289 3158 tatis
318 3113 393 3158 curn
408 3093 625 3158 assertoribus
656 3093 732 3170 suis,
749 3113 840 3158 arnor
869 3091 1033 3156 mendacii
1060 3111 1134 3154 cum
1159 3089 1259 3158 fabri-

209 3195 376 3260 catoribus
415 3193 490 3272 suis,
534 3191 723 3280 susceptio9
746 3195 825 3260 mali
864 3215 922 3282 pro
953 3193 1050 3274 bono,
1088 3195 1256 3260 veneratio

208 3297 366 3382 nequitiae
396 3317 455 3382 pro
490 3295 653 3374 bonitate,
683 3301 819 3382 excepto
856 3295 1006 3362 Sathena
1037 3317 1097 3382 pro
1128 3295 1256 3382 Augelo

244 3675 318 3742 Ιηοε]
338 3691 390 3728 ros.
424 3677 487 3728 B.D.
755 3671 1257 3738 propterluxuriam‚pe11iuriaetmalos

241 3757 354 3822 2teretur]
373 3763 477 3806 tuemur.
510 3755 543 3804 D.
756 3769 836 3804 mores
847 3755 941 3818 populi.
976 3753 1031 3802 The
1042 3755 1089 3802 last
1099 3755 1211 3804 addition
1230 3755 1257 3804 iu

244 3837 252 3866 ⁸
263 3833 371 3900 vertuni]
390 3835 498 3884 modum.
533 3833 566 3884 Ι).
757 3831 799 3882 the
810 3833 878 3882 hand
889 3833 933 3896 (β)
944 3831 965 3880 is
976 3833 1110 3882 continued
1129 3833 1195 3880 from
1214 3833 1257 3882 the

242 3911 477 3978 ⁴mirum]1nira111.
512 3911 543 3962 B.
756 3913 850 3960 hettoni
872 3911 903 3960 of
925 3911 968 3960 the
995 3911 1130 3974 preceding
1157 3910 1257 3960 column

242 3991 300 4056 ⁵se]
319 4007 369 4042 om.
397 3991 427 4040 B.
457 3989 712 4058 DestructioAugliae
757 3989 826 4040 below
838 3989 895 4050 this,
907 3989 1258 4054 proviugthattheadditions

208 4071 333 4136 pervisa.
347 4071 375 4120 iu
385 4085 465 4136 marg.
492 4071 522 4120 B.
557 4071 714 4122 Atthefoot
756 4069 783 4118 in
800 4069 842 4120 the
861 4071 930 4120 haud
949 4069 992 4132 (β)
1010 4085 1074 4118 were
1098 4071 1172 4118 made
1193 4069 1258 4120 citer

207 4153 237 4202 of
249 4151 305 4200 that
316 4151 416 4200 column
435 4151 466 4198 oi
477 4151 507 4198 B.
520 4149 546 4198 in
558 4149 641 4200 which
661 4151 712 4200 this
755 4147 825 4196 those
836 4145 864 4196 iu
875 4147 917 4196 the
928 4145 1020 4208 haud(
1038 4147 1058 4210 ).

207 4237 265 4280 note
275 4245 362 4280 occurs
373 4231 423 4280 aud
434 4229 502 4280 close
512 4237 539 4280 to
550 4229 594 4280 the
604 4235 660 4280 text
671 4243 712 4280 are
788 4237 942 4304 sapphiri]
962 4237 1096 4302 superbire,
1130 4239 1195 4290 RD.
1232 4227 1233 4230 ’

206 4309 248 4358 the
256 4309 337 4358 words
349 4307 560 4400 followingiuthc
571 4309 637 4360 hand
648 4309 711 4372 (7)=
789 4347 798 4374 7
809 4343 884 4410 tam]
914 4349 999 4394 Μαι
1033 4343 1097 4396 RD.
1131 4345 1205 4398 Nota,
1228 4343 1255 4396 in

206 4387 384 4436 -Destructro
411 4389 552 4448 Britouum,
575 4389 712 4436 secundum
756 4427 879 4490 margffl·

210 4467 312 4518 Gildam
330 4473 357 4514 et
374 4465 541 4518 Willielmum
558 4467 712 4518 Marmeshu-

206 4547 324 4606 mensem,
347 4545 396 4596 fuir
414 4553 516 4610 propter
531 4547 665 4596 avaritiam
687 4553 713 4596 et
788 4529 915 4596 8Ρθθεθηῑ]
935 4529 1139 4598 Addedbelffld
1150 4529 1191 4580 ‘he
1206 4529 1255 4578 ‘nd

205 4625 318 4688 rapinam
338 4625 485 4688 principum,
505 4633 605 4690 propter
620 4625 712 4690 iniqui,
756 4609 808 4660 oia
818 4611 870 4660 line
880 4609 906 4658 in
915 4609 949 4660 A.
958 4617 1061 4674 possunt
1067 4615 1253 4662 excercuemnt

205 4709 282 4754 tatem
292 4709 315 4754 et
326 4703 474 4766 injustitiam
482 4703 606 4768 judicum,
612 4713 714 4770 propter
756 4691 789 4740 D·

205 4781 326 4834 desidiam
337 4783 521 4848 predicationis
533 4783 713 4850 episcoporum,
789 4781 939 4850 laeserim]
959 4789 1090 4850 susceptor.
1112 4783 1143 4834 B.
