3308 5666
507 821 688 872 nunoorun
711 821 957 872 ursrosmnuu.
1197 813 1253 876 14]

305 995 422 1060 Libera
444 1015 524 1080 gens
547 995 599 1058 cui
620 995 724 1060 libera
746 1015 838 1058 mens
862 993 911 1058 et¹
935 994 1038 1059 libera
1060 993 1184 1082 lingua,
1273 999 1421 1058 Orssri'urn.

347 1097 412 1162 Sed
434 1097 549 1184 lingna
570 1097 685 1162 melior
706 1097 901 1180 liberiorque
925 1117 1049 1160 manus.

301 1199 420 1286 Anglia
445 1203 607 1264 terrarum
631 1199 727 1264 decus
750 1203 785 1262 et
808 1199 870 1262 flos
891 1199 1110 1262 finitimarum

346 1303 408 1370 Est
430 1307 585 1368 contenta
606 1301 658 1368 sui
681 1300 855 1368 fertilitate
878 1301 956 1366 boni
968 1325 976 1382 3

302 1403 487 1470 Externas²
509 1409 623 1490 gentes
647 1403 847 1490 consumptis
870 1403 966 1468 rebus
992 1409 1124 1490 egentes

345 1507 485 1588 Quando
507 1507 609 1574 fames
632 1505 732 1584 laedit,
759 1509 884 1572 recreat
906 1511 940 1570 et
962 1505 1077 1572 reficit.

302 1607 480 1674 Commoda
501 1609 612 1674 terra³
635 1607 715 1674 satis
737 1607 895 1672 mirandae
917 1607 1099 1672 fertilitatis

346 1711 565 1798 Prosperitate
588 1709 688 1800 viget,
713 1733 788 1778 cum
810 1711 898 1776 bona
920 1711 1008 1796 pacis
1030 1709 1140 1776 habet.

302 1813 486 1902 Anglorum
508 1817 621 1902 portus
645 1813 786 1880 Occasus
808 1813 903 1878 novit
926 1817 962 1880 et
986 1813 1110 1894 Ortus;

346 1917 469 2002 Anglia
491 1917 607 1982 classes
630 1917 731 1982 habet
755 1915 842 2000 quod
865 1915 937 1980 loca
959 1915 1066 1980 multa
1083 1917 1190 2000 juvet,

302 2019 347 2084 Et
370 2019 460 2084 cibus
483 2023 516 2084 et
539 2017 670 2084 census⁴
692 2017 798 2104 magis
821 2017 1003 2084 communis
1025 2017 1184 2096 hebetum

346 2121 433 2186 Nam
457 2123 496 2186 de
520 2143 609 2186 more
631 2121 696 2188 viri
719 2123 798 2186 sunt
819 2119 867 2186 ibi
889 2119 1062 2206 magnifici.

303 2225 368 2288 Illa
389 2225 523 2310 quidem
545 2225 642 2312 longe
665 2223 785 2290 celebri
808 2225 978 2308 splendore
1001 2223 1098 2288 beata

345 2325 462 2390 Gletes
484 2327 568 2392 lacte
590 2327 675 2392 favis
698 2327 918 2414 supereminet
941 2325 1049 2390 insula
1071 2325 1206 2404 cunetis,

302 2429 414 2492 Insula
436 2429 597 2516 praedives
618 2429 731 2516 quod⁵
755 2431 828 2492 toto
851 2449 918 2492 non
942 2431 1017 2514 eget
1040 2427 1127 2508 orbe,

345 2531 486 2596 Delicias
510 2531 674 2612 Salomon,
701 2531 903 2598 Octovianus
926 2551 1008 2616 opes.

254 2633 342 2698 Sunt
370 2635 406 2696 in
437 2633 612 2700 Britannia
644 2633 752 2698 fontes
783 2633 881 2698 calidi
914 2633 1036 2696 morbis
1069 2633 1261 2698 mortalium

38 2749 45 2764 ·
145 2727 146 2732 ’
209 2735 422 2800 medicinales.
485 2735 571 2802 Sunt
593 2737 630 2800 in
662 2757 701 2800 ea
731 2735 828 2822 plura
850 2735 1038 2814 mirabilis3
1069 2741 1149 2800 sunt
1172 2737 1260 2800 enim

208 2839 295 2924 apud
339 2837 369 2902 le
406 2837 598 2924 Stonlrenge
641 2837 770 2924 lapides
810 2839 903 2904 mirae
944 2837 1185 2924 magnitudinis
1223 2839 1260 2900 in

208 2939 340 3004 modum
370 2945 541 3026 portarum
572 2937 742 3018 elevatse‚⁶
784 2961 842 3006 nec
881 2939 1007 3026 liquide
1049 2939 1261 3026 perpenditur

208 3045 349 3128 qualiter
377 3047 435 3108 aut
474 3043 636 3128 quomodo
667 3047 747 3108 sunt
777 3041 825 3106 ibi
851 3043 1041 3108 constructi.

251 3145 355 3210 Aliud
384 3149 434 3208 est
460 3145 548 3230 apud
576 3143 766 3222 Oherdlrole‚
791 3145 849 3208 ubi
877 3149 973 3210 tauta
1000 3145 1187 3210 concavitas
1209 3149 1260 3210 est

206 3245 267 3314 sub
300 3253 385 3312 terra
422 3247 510 3332 quod
549 3245 771 3332 ingredientes
811 3245 920 3332 ampla
956 3245 1065 3332 spatia
1094 3245 1257 3326 videntes,

206 3349 294 3414 lacus
332 3353 366 3414 et
400 3349 540 3414 flumina
578 3349 728 3426 fluentes,
760 3371 867 3434 neque
904 3349 1117 3414 altitudinem
1154 3371 1260 3434 nequo

206 3453 306 3518 finem
329 3451 543 3518 concavitatis
566 3473 707 3536 usquam
736 3449 897 3518 viserunt.

254 3555 342 3620 Sunt
372 3555 408 3618 iu
448 3575 487 3618 ea
521 3553 630 3618 fontes
670 3553 747 3618 salis
785 3553 881 3638 longe
919 3575 939 3616 a
983 3553 1077 3634 mari,
1121 3575 1259 3638 qnorum

207 3679 301 3742 aquae
329 3679 387 3744 per
408 3659 516 3722 totam
546 3655 788 3720 hebdomadam
818 3655 911 3720 salsae
953 3659 1031 3718 sunt
1073 3675 1176 3740 usque
1217 3657 1260 3720 ad

206 3761 319 3824 horam
350 3779 471 3824 nonam
502 3755 651 3834 Sabbati,
683 3767 717 3824 et
748 3755 939 3822 dulcescunt
969 3777 1072 3842 nsque
1106 3755 1143 3818 in
1172 3757 1260 3820 diem

208 3861 328 3938 Luuae3
362 3883 382 3926 a
412 3859 532 3946 quibus
563 3859 757 3946 decoquitur
788 3859 837 3924 sal
867 3857 1042 3924 candidum
1068 3861 1103 3922 et
1127 3857 1257 3926 subtile.

251 3967 312 4034 Est
346 3969 381 4032 in
415 3989 453 4032 ea
488 3971 644 4054 stagnum
677 3965 766 4054 quod
797 3965 946 4030 homines
979 3965 1016 4028 in
1054 3987 1129 4030 eum
1159 3965 1258 4030 facies

205 4073 381 4152 vertentes,
421 4069 583 4136 violenter
616 4071 660 4136 ad
697 4091 730 4136 se
768 4069 843 4134 illos
878 4065 1040 4134 attrahit⁷
1085 4071 1119 4132 et
1156 4067 1256 4132 etiam

236 4403 291 4466 ‘etJ
312 4403 360 4456 cui.
394 4403 459 4454 B.D.
784 4403 879 4470 5ᾳιιοᾶ]
899 4419 963 4472 quae.
997 4403 1027 4454 Β.

203 4483 389 4610 A²erternos.]
425 4485 481 4532 The
498 4485 659 4536 riuterlined
676 4487 702 4534 in
783 4517 793 4544 o
804 4513 915 4580 devm]
935 4511 1034 4566 elevati·
1069 4513 1132 4564 RD⁸

233 4643 333 4708 iterra]
353 4649 434 4692 terrae.
470 4645 499 4694 B.
668 4683 670 4688 ,
782 4639 858 4688 'The
880 4641 935 4690 first
960 4641 1028 4688 word
1050 4639 1113 4688 off.
1139 4645 1177 4690 43.
1208 4641 1251 4700 A„

233 4721 351 4784 *ocnsus]
371 4737 465 4772 sensus.
500 4723 530 4772 B.
746 4723 858 4772 headed=
877 4721 1068 4772 DeBritanuie.
