3308 5666
185 961 239 1010 The
251 977 306 1026 pro-

183 1029 265 1092 pheoy
276 1031 307 1078 of

182 1095 282 1146 Meriin.

334 775 375 842 29
391 777 409 840 6
639 791 822 842 aurosum
845 793 1092 844 msroamauu,

391 963 668 1052 Superveniente¹
694 971 860 1032 senectute
893 967 1072 1034 efficientur
1095 967 1276 1032 submarini
1299 969 1386 1034 luces

346 1071 447 1154 atque
470 1067 672 1134 submariuas
694 1067 830 1134 insidias
853 1069 1137 1150 machinabantur,

392 1169 612 1258 Submergent
647 1171 804 1238 navalia²
839 1175 873 1238 et
912 1177 1084 1260 argenium
1116 1193 1183 1236 non
1216 1171 1388 1236 minimum

349 1273 616 1360 congregabunt.³
1236 1283 1238 1286 ’

395 1375 588 1442 Fluctuabit
610 1377 731 1442 iterum
761 1377 939 1454 Tamensis‚
973 1375 1225 1462 convocatisque
1248 1375 1392 1442 flumini-

350 1477 409 1544 bus
439 1477 528 1544 ultra
551 1483 654 1546 metas
677 1479 763 1544 alvei
787 1481 950 1566 procedet,

395 1581 504 1648 Urbes
533 1583 656 1648 vicinas
698 1581 885 1660 occultabit,
908 1581 1138 1666 oppositasque
1165 1589 1293 1648 montes
1316 1583 1390 1646 sub-

349 1689 466 1764 vertet,

396 1785 581 1852 Adhibcbit
611 1785 676 1850 sibi
713 1785 835 1852 fontem
867 1783 1032 1864 Galahes,⁴
1070 1785 1144 1850 dolo
1174 1789 1208 1850 et
1244 1787 1393 1872 nequitia

349 1889 487 1976 repleti‚⁵
1311 1881 1313 1884 ⁵

395 1989 553 2056 Orientur
594 2013 636 2056 cx
671 2013 709 2056 eo
749 1991 926 2058 seditiones
962 1996 1177 2078 provocantes
1208 1991 1394 2056 Venedotos

351 2093 395 2158 ad
416 2093 542 2180 proelia.
635 2131 637 2136 s

396 2195 603 2262 Conuenient
632 2219 803 2262 nemorum
832 2197 951 2262 robora
980 2201 1015 2262 et
1056 2219 1130 2262 cum
1160 2195 1247 2260 saxis
1286 2195 1394 2262 Gewi·

351 2321 480 2364 scarum
503 2297 765 2386 congregentur,6

395 2405 576 2470 Advolabit
607 2427 722 2468 corvus
749 2427 822 2470 cum
847 2403 957 2470 milvis
987 2411 1021 2470 et
1048 2427 1182 2492 corpora
1211 2411 1395 2492 perempto·

349 2529 422 2570 rum
446 2505 625 2572 devorabit.

395 2609 501 2696 Super
526 2631 638 2674 muros
666 2609 960 2678 Claudio-Castum
983 2611 1169 2678 nidificabit
1190 2611 1278 2678 bubo
1302 2615 1335 2674 et
1361 2611 1398 2676 in

349 2711 428 2776 nido
451 2733 510 2778 suo
532 2711 755 2798 procreabitur
776 2713 896 2792 asinus,

395 2813 560 2880 Eduoabit
589 2815 684 2880 illum
703 2837 833 2904 serpeus
864 2815 1058 2882 Malverniae
1082 2819 1116 2882 et
1144 2817 1179 2880 iu
1202 2817 1310 2902 plures
1340 2817 1396 2882 do·

349 2917 397 2982 los
420 2917 649 2994 commovebit,

395 3019 534 3104 Sumpta
572 3017 756 3084 diademate
787 3021 997 3086 transcendet
1036 3021 1164 3086 excelsa
1204 3023 1237 3086 et
1267 3019 1398 3086 horrido

349 3119 569 3188 reclainuatu⁷
599 3121 756 3206 populum
786 3123 902 3208 patriae
924 3121 1071 3188 terrebit.

395 3223 438 3288 Iu
464 3223 580 3290 diebus
622 3223 694 3308 ejus
727 3223 924 3292 titubabunt
954 3231 1086 3290 montes
1109 3225 1238 3290 Paoacii
1265 3231 1299 3290 et
1328 3247 1401 3314 pro·

350 3327 466 3392 vinciae
488 3325 678 3392 nemoribus
700 3325 767 3392 suis
790 3329 1029 3416 spoliabuntur,

340 3491 341 3494 ,
395 3429 613 3518 Superveniet
644 3431 765 3496 vermis
791 3431 878 3520 ignei
905 3431 1084 3512 anhelitus,
1115 3435 1173 3518 qui
1197 3433 1314 3500 emisso
1344 3455 1401 3498 ra-

350 3555 428 3620 pore
451 3533 620 3598 comburet
641 3533 780 3612 arbores,

395 3635 618 3720 Egredientur
653 3657 696 3698 ex
730 3657 766 3704 eo
803 3651 864 3702 VII.
895 3639 1006 3704 leones
1043 3635 1209 3724 capitibus
1238 3637 1401 3704 hircorum

353 3737 531 3824 deturpati,

395 3839 530 3906 Fcetore
557 3839 688 3906 uarium
728 3839 879 3908 mulieres
914 3847 1166 3928 corrumpentur
1193 3847 1227 3908 et
1256 3843 1404 3930 proprias

351 3963 540 4010 communes
565 3941 696 4022 facient,

386 4241 608 4308 ¹Superceniente]
627 4251 695 4292 vero.
714 4241 769 4292 add.
805 4235 838 4292 D.
876 4251 879 4288 t
934 4241 1051 4308 mareu]
1071 4241 1187 4306 repletus,
1221 4241 1286 4290 Bu).

384 4323 518 4388 2ηαυαίἰα]
538 4321 645 4374 venalia.
680 4321 710 4372 Β.
934 4361 943 4388 s
991 4401 993 4406 ,
1297 4357 1404 4408 (flentur.

386 4401 594 4466 ³con9re9otunt]
653 4403 854 4466 congregabitur.
877 4425 878 4430 ¹
901 4359 1134 4488 Blfflwyreiemr]
1204 4373 1296 4424 congre

352 4481 496 4622 B'Ps'aam
510 4555 632 4622 cararia]
651 4557 722 4610 fona
735 4559 853 4610 aalma
937 4553 1111 4622 neormam]
1152 4553 1186 4606 s0
1209 4553 1338 4608 naon.
1361 4555 1406 4606 aa

353 4637 387 4688 A.
434 4637 515 4688 fontes
536 4637 651 4688 Galabes.
696 4637 729 4688 B.
769 4639 855 4690 fontes
899 4655 914 4684 r
936 4639 1043 4700 perhaps
1064 4637 1192 4688 corrected
1212 4635 1266 4684 into
1297 4649 1347 4684 ac
1379 4635 1407 4684 in

354 4717 472 4772 Galahes
508 4717 543 4766 D.
899 4715 933 4766 Aa
