3300 5666
466 869 649 918 rocosum
673 869 921 928 msroamauu.
1152 857 1216 920 353

171 1043 249 1110 hine
272 1047 306 1110 et
329 1043 406 1108 inde
431 1049 572 1110 catervae
597 1049 630 1108 et
655 1065 723 1108 sese
750 1047 867 1108 mutuo
890 1045 1101 1130 penetrantes
1124 1065 1215 1108 max-
1229 1049 1356 1106 TheHis.

169 1147 269 1210 imam
299 1145 470 1232 pugnam¹
494 1145 668 1208 lacescunt.
1228 1121 1326 1246 {gfff

212 1247 270 1312 Fit
299 1247 411 1334 itaque
449 1247 633 1312 miseranda
656 1247 758 1310 caedes
789 1247 876 1312 inter
906 1269 960 1312 eos
992 1271 1066 1314 cum
1089 1269 1215 1314 summo
1228 1249 1332 1304 Anhur.

167 1353 315 1428 clamore,
340 1355 375 1416 et
404 1355 524 1414 terram
557 1349 678 1414 vertice
710 1347 889 1412 calcaneis2
913 1349 1080 1434 pulsantes
1109 1351 1215 1416 vitam

167 1475 241 1516 oum
272 1451 430 1538 sanguine
460 1451 657 1536 inutraque
687 1455 781 1536 parte
820 1453 980 1514 eructant.
1027 1451 1091 1516 Sed
1124 1451 1215 1538 prius

165 1553 321 1618 damnum
346 1553 539 1618 Britonibus
570 1553 701 1618 illatum
736 1557 794 1628 est,
819 1553 899 1638 quia
929 1551 1109 1616 Bedvverus
1143 1553 1217 1638 pin-

167 1677 262 1720 cerna
299 1661 486 1742 peremptus
523 1655 611 1734 fuit,3
641 1661 676 1720 et
715 1655 834 1742 Kayus
881 1655 1010 1742 dapifer
1048 1655 1218 1720 lethaliter

167 1757 366 1822 vulneratus.
427 1757 514 1822 Nam
545 1757 622 1822 dum
651 1757 831 1824 Bedwerus
863 1757 965 1822 Botto
994 1759 1065 1844 regi
1104 1757 1216 1822 Medo·

167 1859 263 1922 rnm⁴
285 1859 444 1938 obviaret,
469 1861 583 1924 lancea
620 1851 690 1944 ejus
728 1861 764 1924 in
802 1861 880 1946 gula
921 1859 1088 1924 confossus
1127 1861 1217 1924 inter

165 1961 273 2026 hostes
297 1961 506 2048 peremptus⁵
530 1961 658 2026 interiit
670 1987 678 2042 ;
710 1961 827 2048 Kayus
850 1967 960 2028 antem
984 1963 1117 2048 dapifer,
1136 1961 1216 2026 dum

164 2063 273 2148 ipsum
317 2063 483 2128 vindicare
521 2069 701 2144 conaretur,
729 2063 842 2128 infra⁶
880 2063 1055 2130 Medorum
1091 2069 1217 2130 turmas

164 2167 382 2230 circumdatus
413 2167 533 2232 lethale
565 2165 685 2232 vulnus
708 2169 831 2252 recepit
845 2165 867 2246 ;⁷
890 2167 948 2252 qui
981 2171 1102 2246 tamen,
1127 2185 1217 2230 more

165 2267 244 2332 boni
278 2269 498 2346 militissam
529 2267 614 2342 alia8
638 2291 738 2354 quam
771 2267 912 2334 ducebat
943 2269 1033 2334 viam
1058 2269 1215 2354 aperiens,

165 2369 255 2434 caesis
286 2375 320 2436 et
343 2369 507 2456 dissipatis
531 2369 648 2448 Medis,
682 2393 750 2434 sese
781 2371 867 2434 infra
902 2393 977 2434 suos
1009 2371 1140 2456 integra
1165 2391 1217 2434 oa-

164 2477 260 2536 terva
281 2471 463 2558 recepisset,
490 2471 579 2536 nisi9
595 2473 631 2536 in
655 2473 790 2538 obviarn
812 2473 957 2538 venisset
980 2471 1106 2558 agmini
1128 2473 1216 2556 regis

167 2573 291 2658 Libyae,
317 2573 408 2660 cujus
443 2573 582 2660 irruptio
612 2573 686 2638 illos
716 2595 798 2658 quos
829 2573 970 2638 ducebat
993 2573 1127 2638 omnino
1152 2575 1216 2638 dis-

165 2675 327 2762 gregavit,
359 2681 534 2760 utrumque
547 2675 572 2712 ²⁰
604 2681 716 2740 tamen
749 2699 824 2740 enm
856 2675 968 2762 paucis
1010 2675 1217 2740 retrocedens

167 2777 209 2844 ad
232 2801 369 2842 aureum
393 2777 528 2864 diffugit
552 2779 725 2844 draconem
749 2799 824 2842 cunr
848 2799 981 2864 corpore
1004 2777 1162 2844 Bedveri.

209 2881 237 2944 O
262 2885 387 2966 quanta
408 2879 606 2944 lamentatio
629 2879 891 2944 Estrusiensium
923 2879 1002 2944 dum
1026 2903 1143 2966 corpus
1166 2881 1218 2944 sui

116 3015 117 3018 ¹
167 2983 257 3048 ducis
279 2987 332 3048 tot
347 2981 540 3048 vulneribus
563 2981 762 3046 dilaniatum
786 2981 990 3068 aspicerent!
1031 2981 1218 3068 Oquantos

167 3083 457 3170 Andegauensium
492 3083 644 3168 planctus
668 3083 746 3148 dum
778 3083 857 3146 Kaii
891 3083 1032 3150 considis
1064 3085 1114 3148 sui
1145 3085 1217 3150 vul-

164 3207 244 3250 nera
274 3185 426 3272 plurimis
461 3185 567 3248 modis
593 3189 798 3250 tractarent!
845 3185 912 3250 Sed
941 3205 1007 3250 non
1035 3207 1116 3272 opus
1146 3191 1218 3252 erat

166 3287 298 3372 querela
320 3287 399 3372 quia
421 3287 567 3370 undique
590 3287 852 3372 sanguinolentae
875 3287 959 3354 acies
989 3293 1105 3352 mutuo
1134 3287 1218 3352 irru-

164 3395 256 3452 entes
293 3409 361 3452 uon
397 3387 637 3472 permittebant
670 3387 848 3474 spatium¹¹
887 3389 1038 3472 praedicti
1075 3389 1218 3474 gemitus

169 3491 249 3576 quin
272 3491 359 3576 ipsos
382 3491 425 3554 ad
449 3489 688 3556 defendendum
715 3509 783 3554 sese
807 3489 994 3574 coegissent.

211 3591 403 3676 Hirelgas,¹2
437 3611 538 3678 nepos
576 3591 734 3670 Bedvveri,
770 3591 861 3654 ultra
899 3589 1034 3656 modum
1065 3591 1107 3656 ob
1133 3615 1218 3656 mora

165 3699 234 3758 tem
268 3695 372 3780 ipsius
405 3697 588 3758 commotus
611 3709 681 3758 ccc.
707 3713 840 3758 suorum
871 3693 934 3758 sibi
969 3693 1150 3772 associavit,
1175 3701 1218 3774 et,

166 3797 257 3864 velut
296 3817 375 3883 aper
408 3795 496 3862 infra
534 3799 680 3862 turmam
727 3817 846 3862 canum
888 3795 1052 3874 frendens,
1077 3795 1123 3860 sic
1160 3819 1219 3882 per

165 4021 1212 4034 mma-mmmmm

202 4187 348 4238 ‘marianam
356 4189 477 4254 papauer]
497 4203 545 4238 om.
580 4187 645 4238 RD.
751 4175 837 4240 salla]
852 4189 915 4256 90P1'·
930 4175 993 4226 ala?

203 4265 356 4332 2οαῖεαηιεὶε]
377 4273 408 4316 et.
431 4283 516 4330 praem.
541 4267 606 4316 RD.
754 4281 834 4346 anisi]
848 4281 900 4330 ubi,
936 4279 967 4328 Β,

200 4349 210 4376 ³
218 4345 431 4412 peremptusfait]
450 4345 612 4410 interemptus
628 4353 672 4396 est.

168 4423 225 4476 131)
753 4385 916 4452 mutamque]
930 4393 1062 4450 utcunque.
1079 4385 1152 4438 Bb„
1167 4397 1220 4436 cor-

200 4503 365 4568 ⁴Medorum]
385 4519 432 4554 om.
467 4503 531 4552 B.D.
717 4465 840 4516 medin
851 4465 882 4516 Β·

201 4585 210 4614 ⁵
218 4583 370 4648 peremptus]
389 4583 559 4644 interemptus.
594 4583 626 4632 D.
752 4559 767 4588 ¹¹
780 4557 898 4624 Spatium]
914 4555 956 4608 eis·
979 4573 1063 4622 prtem·
1098 4559 1163 4606 RD.

203 4661 303 4727 ⁶insru]
323 4661 395 4710 inter.
428 4661 493 4710 Ba).
751 4647 908 4714 ¹²Hirolyos]
927 4649 1060 4714 Herilglas,
1084 4647 1117 4698 D.
1145 4647 1218 4698 Nota.

204 4741 325 4806 vrecepit]
341 4739 444 4808 accepit.
477 4739 541 4796 Ba).
676 4777 677 4780 ,
716 4739 838 4820 inmarg
869 4739 937 4790 Ab.

256 4839 337 4892 von.
363 4837 403 4892 11.
1067 4827 1091 4880 ’Ζ
