3300 5666
419 857 483 920 238
716 865 898 920 nuuoeruu
920 867 1170 920 ursroumuum

419 1045 529 1112 dicato
558 1045 629 1134 regi
650 1043 766 1112 Belino
802 1045 860 1132 qui
898 1051 1007 1112 esseut
1037 1043 1088 1110 illi
1122 1045 1255 1130 captivi,
1288 1045 1463 1112 admodum

419 1151 552 1234 gavisus
575 1155 624 1214 est
647 1151 736 1234 quod
758 1153 891 1214 tantum
915 1151 955 1214 de
977 1149 1078 1214 fratre
1100 1153 1210 1236 posset
1232 1147 1408 1214 vindicare.

464 1253 615 1316 Emensis
644 1253 759 1318 diebus
788 1253 902 1340 paucis
932 1253 1096 1318 Brennius
1118 1273 1219 1316 neves
1244 1253 1419 1316 resociavit
1434 1249 1464 1332 3¹

419 1355 587 1420 resocietis
616 1355 652 1418 in
676 1355 856 1420 Albaniam
882 1355 1052 1442 applicuit.
1098 1355 1229 1420 Exinde
1259 1351 1387 1438 ceptis2
1409 1375 1468 1418 na-

420 1457 518 1546 vibus
540 1463 574 1524 et
603 1457 735 1544 puelle⁸
757 1459 849 1522 misit
879 1457 921 1522 od
955 1457 1092 1524 fratrem
1119 1479 1214 1522 suum
1242 1457 1404 1538 Belinum‚
1429 1461 1467 1520 ut

421 1547 565 1646 puellam
587 1577 660 1624 cum
683 1583 783 1646 regno
809 1555 864 1624 et⁴
886 1573 990 1626 neves
1012 1559 1150 1646 inperce
1173 1559 1357 1626 remitteret
1369 1583 1377 1640 3
1412 1559 1469 1646 qui

422 1663 514 1728 dedit
536 1683 726 1748 responsum
749 1661 878 1726 nullum
900 1661 1242 1726 istorum‘deliberere
1266 1661 1323 1726 sed
1346 1661 1374 1724 si
1397 1683 1468 1748 per·

422 1787 534 1830 sonem
563 1787 654 1826 suum
683 1763 819 1828 heberet
849 1761 983 1850 ipsum⁵
1013 1763 1050 1826 in
1079 1763 1221 1828 vinculis
1248 1763 1467 1850 distringeret,

421 1867 618 1950 collectoque
641 1865 731 1930 omni
753 1865 858 1930 milite
878 1865 996 1932 insulse
1022 1865 1116 1932 venit
1138 1865 1315 1932 Albaniam
1330 1865 1470 1932 'contross

421 1967 531 2054 ipsum
553 1973 767 2054 pugnaturus.

465 2069 513 2136 At
548 2069 710 2134 Brennius
736 2069 845 2156 ipsum
871 2069 1001 2136 sciens⁷
1034 2069 1170 2136 omnino
1201 2093 1270 2136 esse
1300 2071 1470 2156 repulsum
1552 2099 1556 2108 ¹

420 2173 483 2238 ivit
523 2171 554 2236 ei
587 2171 625 2236 in
655 2171 786 2238 obviem
817 2177 856 2238 ut
897 2195 973 2238 cum
1004 2195 1043 2238 eo
1079 2173 1338 2258 congrederetur.
1386 2173 1472 2260 Ipsis

421 2275 688 2360 oppugnantibus
717 2275 858 2340 victorio
890 2275 987 2340 cessit
1010 2275 1136 2340 Belino.
1184 2275 1329 2340 Etcum
1358 2275 1472 2362 fugem

420 2379 565 2442 fecerent
595 2377 840 2462 Norwogenses
874 2377 1064 2462 insequitur
1099 2399 1152 2442 cos
1183 2375 1320 2440 Belinus
1350 2377 1472 2444 ceedem

420 2481 542 2546 faciens
572 2479 642 2546 siue
670 2481 803 2566 pietete.
852 2479 1052 2546 (deciderunt
1076 2479 1113 2544 in
1136 2479 1194 2544 ilio
1217 2479 1334 2564 proelio
1364 2477 1473 2546 ΜΡ

421 2583 703 2668 Norwogensium,
744 2603 803 2648 nec
844 2603 887 2648 ex
923 2581 1062 2648 residuis
1106 2581 1195 2646 mffle
1237 2579 1472 2666 superfuerunt

422 2685 504 2770 quin
526 2683 694 2750 vulnerati
725 2683 936 2750 discederent.
984 2685 1033 2748 At
1066 2683 1230 2748 Brennius
1257 2683 1319 2746 vix
1348 2705 1470 2748 novem

421 2791 537 2852 noctus
565 2789 604 2870 ut
630 2787 763 2852 fortune
794 2785 1000 2852 conduxerat
1025 2785 1196 2850 Godiicene
1218 2785 1319 2850 litore
1341 2785 1470 2870 petivit.

423 2887 544 2954 Oceteri
574 2909 652 2954 vero
683 2889 741 2974 qui
774 2911 848 2954 cum
879 2909 918 2952 eo
950 2887 1156 2952 advenerant
1187 2909 1251 2972 quo
1287 2909 1380 2952 casus
1412 2887 1469 2952 du

422 2991 516 3056 cebet
538 2991 682 3056 latebras
704 2989 888 3076 exigebant

467 3091 552 3158 Oum
581 3093 684 3176 igitur
714 3093 830 3158 Belino
860 3089 1002 3156 victorie
1033 3091 1179 3156 cessisset
1202 3091 1336 3158 vocavit
1360 3113 1470 3156 ornnes

420 3193 514 3280 regni
536 3213 683 3280 proceres
716 3195 759 3258 ad
795 3193 981 3260 Eboracum
1013 3193 1151 3258 oonsilio
1181 3193 1355 3280 ipsorum⁹
1385 3201 1470 3260 truc-

421 3301 552 3362 toturus
590 3297 677 3382 quod
690 3293 716 3332 ¹⁰
749 3297 790 3362 de
836 3317 912 3382 rege
943 3295 1110 3362 Decorum
1151 3301 1235 3362 esset
1277 3295 1469 3362 faciendum.

391 3461 393 3466 .
422 3399 635 3464 Concesseret
658 3397 746 3462 enim
769 3419 828 3462 rex
854 3397 966 3464 Daciae
996 3419 1137 3484 regnum
1160 3419 1256 3462 suum
1286 3403 1398 3464 tenere
1428 3400 1468 3463 de

329 3571 330 3574 Ἴ
420 3521 496 3586 rege
510 3499 625 3564 Beiino
647 3499 889 3586 inperpetuum,
906 3499 1074 3566 reddendo
1098 3499 1128 3566 ei
1144 3521 1290 3564 annuum
1305 3501 1467 3566 tributum

419 3603 470 3668 ite
498 3601 585 3686 quod
598 3599 621 3638 ¹²
653 3603 759 3688 ipsum
773 3601 798 3638 ¹2
821 3623 895 3668 oum
918 3601 1035 3666 emisio
1048 3599 1071 3638 ¹³
1094 3623 1154 3668 sue
1190 3603 1309 3668 liberos
1347 3603 1468 3668 sineret

420 3703 525 3770 obires
581 3705 671 3769 Illud
699 3705 864 3770 tributum
906 3703 1073 3770 redditum
1109 3703 1176 3770 fuit
1212 3709 1284 3770 toto
1322 3709 1467 3790 tempore

425 3829 528 3892 usque
566 3807 609 3872 ad
654 3807 837 3872 adventum
872 3807 1030 3872 Heueiok
1067 3807 1125 3892 qui
1162 3803 1227 3872 fuit
1264 3807 1352 3872 filius
1382 3807 1467 3894 regis

454 4213 615 4278 lresociaret]
634 4213 773 4264 associavit.
806 4211 870 4262 B.D.
1004 4215 1143 4280 ⁹z'psorum]
1163 4229 1256 4264 eorum.
1290 4215 1320 4266 B.

454 4295 564 4358 2σαρΐίε]
584 4295 669 4356 raptis.
701 4293 774 4342 B.D.'
953 4281 956 4286 Ι
1004 4295 1023 4322 ¹⁰
1034 4295 1110 4360 quod]
1141 4295 1207 4358 quid.
1259 4295 1289 4346 B.
1334 4293 1472 4346 Submissio

454 4371 602 4436 8etpueltc]
622 4373 675 4420 ella.
709 4371 742 4422 D.
956 4375 1043 4440 'regni
1054 4373 1141 4424 Deciae
1152 4375 1205 4440 regi
1217 4373 1328 4440 Angliae.
1355 4375 1382 4424 in
1393 4391 1471 4440 marg.

455 4451 583 4502 ⁴Ashort
595 4465 693 4502 erasure
704 4451 801 4502 follows
812 4449 839 4502 in
855 4451 889 4502 A.
947 4457 1001 4506 B.
1036 4455 1064 4504 in
1084 4455 1187 4504 blacker
1205 4455 1251 4504 ink
1270 4455 1331 4506 then
1353 4455 1395 4504 the
1413 4469 1472 4504 con·

455 4529 566 4592 ⁵ipsum]
587 4543 634 4578 om.
668 4529 735 4580 Bu).
969 4541 1031 4586 text.
1329 4543 1330 4546 ’

454 4607 571 4672 6contra]
592 4607 757 4658 TuiceinB.
1003 4617 1018 4644 ¹¹
1031 4613 1107 4678 quod]
1127 4619 1161 4664 ut.
1196 4613 1261 4664 B.D.

456 4703 555 4760 7ι’ρειιτη
563 4701 655 4766 sciens]
673 4701 755 4750 sciens
767 4715 801 4754 se.
836 4703 901 4754 RD.
1002 4691 1123 4758 1²dmum]
1144 4709 1208 4742 eum·
1242 4691 1274 4742 B·

452 4771 563 4850 duum]
584 4785 681 4842 50‚000.
716 4781 746 4832 B.
950 4785 952 4790 ’
1001 4773 1132 4838 1³mintrio]
1151 4771 1250 4824 amesia.
1284 4771 1347 4824 RD.
