3308 5666
371 887 435 952 284
675 899 857 952 nunocrun
880 901 1128 954 nrsronrnnun

205 1087 332 1144 ruths-
372 1073 530 1142 laudastis
556 1077 596 1138 ut
626 1073 759 1160 sanguis
789 1055 892 1142 meus
911 1079 1117 1164 spargeretur
1149 1077 1185 1142 in
1214 1081 1418 1154 caementum,

203 1163 260 1222 tory
271 1161 300 1208 of

206 1223 306 1278 Merlin.

373 1181 407 1244 et
435 1177 529 1266 quasi
551 1175 637 1242 illico
660 1199 741 1262 opus
772 1177 975 1246 constarett¹
1024 1177 1089 1244 sed
1112 1177 1211 1244 dicite
1233 1177 1317 1242 mihi
1340 1177 1419 1262 quid

371 1279 432 1346 sub
452 1281 667 1347 fundamento
687 1279 793 1348 latet?
837 1283 927 1346 Nam
949 1281 1075 1368 aliquid
1098 1283 1159 1346 sub
1181 1281 1237 1346 illo
1262 1285 1310 1346 est
1334 1281 1420 1366 quod

370 1385 479 1468 ipsum
501 1387 588 1460 stare
611 1405 678 1448 non
697 1385 870 1470 permittit.
917 1385 1180 1470 Expavescentes
1199 1389 1310 1448 autem
1330 1383 1419 1470 magi

371 1487 604 1552 conticuerunt.
677 1485 769 1552 Tunc
800 1487 849 1550 ait
879 1487 1059 1552 Merlinusr
1103 1487 1242 1550 Domine
1273 1485 1321 1550 mi
1349 1507 1416 1564 rex,

369 1609 450 1654 voca
479 1589 642 1676 operarios
666 1591 741 1652 tuos
768 1593 802 1652 et
821 1587 902 1672 jube
927 1591 1049 1652 terram
1073 1589 1191 1668 fodere,
1217 1595 1251 1652 et
1272 1587 1419 1654 invenies

369 1697 523 1778 stagnum
548 1691 609 1754 sub
625 1711 670 1766 ea,
688 1695 722 1754 et
746 1691 828 1756 subi
853 1695 970 1774 stagno
995 1691 1078 1756 duos
1103 1689 1228 1778 lapides
1251 1711 1417 1766 concavos,

370 1797 404 1856 et
433 1793 470 1856 in
500 1791 567 1856 illis
604 1791 685 1856 duos
724 1791 879 1856 dracones
915 1791 1119 1856 dormientes.
1181 1791 1331 1858 Credidit
1359 1815 1419 1856 rex

369 1893 477 1960 verbis
507 1893 576 1978 ejus
607 1893 695 1980 quod
726 1915 841 1958 verum
871 1895 1003 1958 dixerat
1033 1895 1074 1958 de
1104 1899 1221 1980 stagno
1252 1899 1286 1958 et
1319 1895 1419 1980 jussit

369 2019 489 2080 aquam
510 1995 656 2072 hauriri;
678 1995 930 2062 admirabantur
944 1997 1047 2074 etiarn
1070 1997 1179 2062 cuncti
1194 1997 1251 2082 qui
1265 1997 1419 2062 astabant

368 2103 498 2162 tantam
527 2097 565 2162 in
590 2121 627 2162 eo
658 2099 864 2186 sapientiam,
892 2099 1120 2164 existimantes
1147 2121 1269 2164 numen
1292 2121 1360 2164 esse
1385 2099 1421 2162 in

369 2201 435 2276 illc,
461 2205 495 2264 et
519 2199 668 2264 sedentes
691 2201 924 2278 auscultabant
944 2201 1046 2268 verba
1070 2203 1259 2288 prophetica
1281 2225 1354 2288 quae
1381 2203 1421 2276 de

369 2325 423 2368 ore
451 2323 510 2366 suo
535 2302 761 2388 procedebant.

788 2601 867 2668 Cur.
893 2601 1002 2666 XLII.

644 2801 714 2868 Hic
736 2801 921 2890 incipiant
944 2801 1156 2892 Prophetis.8

425 2989 587 3056 Snnnnrn
624 2991 735 3078 itaque
768 2993 968 3080 Vortigerno
998 3015 1095 3080 super
1131 2993 1236 3078 ripam
1274 2993 1428 3058 exhausti

374 3095 489 3180 stagni
518 3095 639 3180 egressi
666 3099 744 3160 suut
775 3097 840 3160 duo
871 3097 1035 3176 dracones,
1067 3119 1206 3182 quorum
1243 3119 1328 3162 unus
1356 3101 1428 3162 erat

377 3195 482 3272 albus,
498 3195 584 3260 alter
604 3197 733 3260 rubeus.
780 3197 930 3284 Cumque
950 3199 1035 3264 alter
1055 3197 1149 3264 alteri
1174 3199 1427 3284 appropinquas-

379 3303 438 3374 set,
477 3299 711 3362 commiserunt
742 3299 849 3364 diram
887 3323 1041 3388 pugnam,
1076 3305 1110 3366 et
1140 3301 1249 3386 ignem
1279 3301 1428 3366 anhelitu
1544 3369 1545 3372 ,

229 3473 232 3494 Ι
342 3487 344 3490 ¹
378 3401 600 3488 procreabant.
662 3401 870 3468 Praevalebat
906 3403 993 3468 enim
1028 3401 1122 3468 albus
1157 3403 1260 3482 draca
1290 3403 1428 3468 rubeum

379 3525 482 3590 usque
503 3503 546 3568 ad
568 3503 723 3568 ultimum
744 3503 834 3572 lacus
855 3503 1016 3592 fugabat3
1038 3505 1093 3570 ille
1108 3527 1187 3570 vero
1202 3527 1235 3570 se
1256 3505 1428 3590 expulsum

379 3629 452 3672 curn
478 3605 618 3672 vidisset
642 3605 750 3672 doluit
773 3615 807 3674 et
829 3609 991 3694 impeturn
1014 3607 1092 3682 fecit
1106 3607 1143 3674 in
1167 3607 1286 3688 album,
1300 3607 1429 3692 ipsum⁴

377 3709 512 3776 retroire
551 3707 665 3798 coegit.
735 3709 822 3796 ipsis
860 3715 972 3776 autem
1001 3709 1038 3774 in
1067 3711 1157 3776 hunc
1186 3709 1321 3774 modum
1349 3731 1430 3796 pug-

377 3813 535 3878 nantibus
564 3811 720 3898 praecepit
749 3833 810 3878 rex.
840 3811 1017 3888 Ambrosio
1049 3809 1189 3878 Merlino
1220 3811 1325 3878 dicere
1351 3813 1430 3898 quid

378 3915 531 4000 proelium
561 3915 741 3978 draconum
771 3915 996 4000 portendebat.
1053 3913 1134 3980 Mox
1164 3913 1219 3978 illc
1248 3913 1285 3978 in
1315 3915 1430 3980 fletum

379 4037 552 4102 erumpens
594 4015 750 4100 spiritum
794 4015 946 4082 exhausit
984 4015 1167 4100 prophetiae
1198 4019 1231 4080 et
1262 4015 1329 4080 ait:
1370 4017 1431 4082 Vae

379 4119 478 4184 rubeo
503 4117 645 4196 draconi,
660 4137 739 4182 nam
761 4117 993 4184 exterminatio
1014 4117 1084 4202 ejus
1099 4117 1253 4196 festinat3
1276 4139 1431 4184 cavernas

379 4217 482 4304 ipsius
511 4219 687 4306 occupabit
717 4219 810 4286 albus
841 4221 947 4298 draco,
980 4219 1038 4304 qui
1067 4217 1214 4286 Saxones
1243 4241 1325 4304 quos
1346 4221 1432 4286 invi-

380 4319 460 4384 tasti
488 4319 659 4406 significat
719 4321 855 4386 Rubeus
885 4343 963 4386 vero
993 4325 1127 4408 gentem
1154 4319 1329 4406 designat⁵
1359 4323 1433 4386 Bri·-
1533 4401 1534 4406 γ

576 4523 582 4526 --
588 4521 980 4532 ,μῃῌμημμ--ω-μ-
1298 4525 1302 4530 w
1305 4523 1424 4538 -ιηι--ῃ

415 4631 566 4696 morsura]
586 4635 668 4682 staret.
695 4629 766 4682 Bo.
966 4635 1074 4702 *pacem
1094 4643 1126 4686 et.
1145 4651 1227 4700 praem.
1262 4635 1326 4688 B.D.
1367 4597 1368 4600 ¹

413 4709 491 4778 imi]
511 4709 546 4760 in·
579 4709 613 4760 D·
967 4727 1110 4794 ὅάεεὶςῑπαί]
1130 4727 1262 4792 significat.
1295 4729 1329 4778 D.

415 4791 506 4840 ³Htc.
524 4827 531 4842 .
551 4825 556 4840 .
575 4785 736 4868 prophetice]
751 4805 799 4840 om.
818 4789 881 4842 B.D.
