3300 5666
548 875 729 924 nonooruu
752 875 999 924 msronmnuu.
1226 865 1287 926 281

243 1043 394 1110 Timebat
423 1045 512 1120 enim
542 1047 626 1110 filios
654 1045 867 1118 Constantini
890 1043 997 1130 regis‚¹
1031 1045 1161 1122 scilicet,
1187 1045 1290 1112 Aure·

242 1147 324 1212 lium
347 1151 382 1212 et
406 1147 514 1214 Utber
537 1147 672 1212 fratrem
702 1145 822 1212 suum.2
867 1147 918 1220 De
939 1143 1156 1212 aedificatione
1188 1149 1288 1214 turris

242 1253 276 1314 et
306 1249 345 1314 de
371 1247 529 1314 vaticinio
558 1247 713 1314 Merlini³
739 1247 811 1334 jam
834 1247 1047 1312 intendimus,

670 1595 747 1662 Otr.
766 1593 855 1658 XLI.

391 1801 526 1888 [cambit
555 1799 629 1868 otta
658 1799 807 1868 Morltai
839 1823 918 1868 cam
941 1799 1143 1888 Prophetits.

287 2009 473 2072 Mnnnlnus
488 2013 600 2072 autem
616 2009 759 2092 qualiter
781 2013 965 2094 conceptus,
980 2007 1087 2088 natus,
1105 2009 1141 2072 in
1163 2009 1286 2072 mundo
1300 2013 1353 2064 The
1365 2013 1425 2064 His·

242 2109 452 2198 procreatus*
486 2109 638 2174 Historia
680 2111 873 2198 Vortigemi
911 2133 979 2174 non
1020 2111 1172 2188 ostendit,
1210 2083 1399 2200 ideofflffg

242 2213 369 2300 plenius
402 2211 607 2276 intendimus
638 2211 823 2296 explanare.
868 2213 1068 2300 Vortigemo
1089 2213 1202 2298 itaque
1224 2213 1286 2276 du·

241 2315 370 2380 bitante
394 2313 435 2378 de
466 2315 615 2380 adventu
645 2313 786 2378 duorum
818 2315 967 2394 fratrum,
985 2315 1125 2394 scilicet,
1160 2313 1287 2378 Aurelii

242 2417 409 2480 Ambrosii
434 2421 468 2480 et
491 2417 781 2502 Uterpendragon,
808 2417 1028 2480 munitionem
1049 2417 1152 2502 coepit
1172 2415 1285 2492 facere,

241 2519 384 2582 turrim⁵
399 2517 572 2598 aedificare‚
589 2519 669 2604 qui6
691 2519 755 2582 sibi
779 2523 931 2584 tutamen
953 2519 1038 2582 foret
1055 2541 1129 2582 curn
1153 2521 1287 2582 oaeteras

240 2621 408 2686 amisisset.
455 2621 641 2704 Peragratis
668 2641 746 2708 ergo
784 2621 981 2706 quibusdam
1015 2619 1094 2684 locis
1124 2621 1284 2706 congruis

241 2721 459 2786 caementariis
509 2723 548 2786 de
586 2721 726 2786 diversis
764 2723 915 2808 partibus
957 2723 1152 2786 coadunatis
1184 2723 1288 2808 jussit

239 2823 360 2888 turrim
391 2827 585 2888 construere.
632 2823 876 2888 Convenientes
908 2825 1012 2912 igitur
1046 2825 1200 2912 lapidarii
1224 2845 1288 2888 coe-

240 2931 360 3012 perunt
397 2925 514 3002 fodere,
554 2925 611 2990 sed
649 2927 806 3012 quicquid
842 2947 911 2990 una
953 2925 1007 2990 die
1057 2927 1286 3014 operabantur,

240 3027 436 3092 absorbebat
479 3027 578 3092 tellus
623 3027 705 3092 illud
749 3029 786 3092 in
823 3029 936 3104 altera,
960 3027 1011 3092 ita
1048 3035 1087 3094 ut
1120 3029 1284 3094 nescirent

240 3151 396 3216 quorsum
419 3151 498 3218 opus
521 3129 652 3194 illorum
665 3129 678 3166 ⁷
691 3135 907 3196 evanesceret.
955 3131 1104 3218 Cumque
1119 3131 1155 3196 id
1170 3131 1287 3196 Vorte·

238 3255 340 3320 gerno
381 3231 572 3298 nuntiatum
617 3233 733 3298 fuisset
777 3233 942 3298 consuluit
983 3257 1096 3320 magos
1135 3255 1210 3298 suos
1250 3239 1289 3298 ut

239 3355 369 3398 causam
391 3333 440 3398 rei
461 3333 656 3398 iudicarent.
704 3335 771 3416 Qui
795 3335 962 3412 dixerunt,
985 3341 1026 3398 ut
1043 3335 1203 3422 juvenem
1218 3335 1289 3400 sine

237 3441 331 3522 patre
361 3441 529 3522 quareret,
554 3437 795 3520 quaesitumque
830 3437 1038 3516 interficeret,
1067 3443 1107 3500 ut
1133 3437 1290 3524 sanguine

239 3539 341 3624 ipsius
371 3539 496 3624 lapides
520 3543 554 3602 et
588 3543 785 3602 caementum
821 3543 1079 3624 aspergerentur.
1127 3537 1167 3602 Id
1202 3539 1290 3604 enim
1364 3549 1375 3568 *

237 3641 389 3724 prodesse
408 3629 609 3704 ¹asserebant
631 3643 670 3706 ut
698 3639 956 3704 fundamentum
989 3643 1163 3704 constaret.
1219 3639 1253 3704 N
1255 3661 1290 3704 ec

239 3763 337 3818 mora,
378 3741 558 3806 mittuntur
592 3741 696 3826 legati
731 3763 791 3826 per
821 3741 992 3806 universos
1031 3739 1216 3826 provincias
1250 3745 1290 3806 ut

240 3843 340 3908 talem
371 3845 538 3908 hominem
569 3841 769 3910 invenirent.
815 3845 863 3908 At
894 3863 969 3908 oum
1001 3843 1040 3906 in
1073 3841 1189 3906 urbem
1214 3863 1288 3926 quae

238 3945 351 4028 postea
384 3943 625 4010 Kairrnerdin⁸
647 3949 765 4010 vocata
797 3941 935 4010 fuisset⁹
957 3943 1134 4020 venissent,
1157 3965 1288 4028 eonspe-

236 4051 357 4112 xerunt
389 4047 528 4132 juvenes
566 4051 644 4112 aute
668 4053 798 4136 portam
837 4047 996 4128 ludentes,
1031 4051 1065 4112 et
1104 4047 1146 4112 ad
1172 4045 1288 4112 ludum

237 4153 465 4230 accesserunt;
503 4149 637 4234 fatigati
666 4153 780 4214 autem
803 4149 923 4214 itinere
954 4149 1110 4214 sederunt
1142 4149 1289 4234 explora·-

557 4335 987 4344 ·=-=------——·-n----.-».--..v..avmffl-.·-·-.
993 4339 1016 4346 -.--
1021 4337 1054 4344 ,ωο-

181 4453 183 4464 “
269 4445 366 4508 ¹reqic]
386 4443 441 4502 The
451 4445 490 4508 qis
500 4445 600 4494 written
618 4459 686 4508 upon
704 4459 737 4494 an
821 4446 939 4511 ⁵turrim]
959 4453 990 4496 et.
1025 4459 1112 4510 praem.
1145 4441 1211 4496 BD.

236 4537 335 4574 erasure
346 4523 374 4574 in
385 4523 418 4572 A.
820 4525 895 4592 ⁶qni]
915 4541 979 4590 quae.
1012 4523 1078 4574 nl).

269 4601 370 4668 2εαιιηι]
389 4601 450 4664 ejus.
483 4601 548 4652 nl).
796 4593 797 4596 Ἴ
822 4603 948 4670 ⁷illorum]
968 4605 1048 4654 suum.
1082 4603 1116 4652 Ι).
1206 4647 1209 4652 .

270 4679 409 4746 8Merb'ni]
428 4679 648 4732 Interlincdiud.
821 4681 1014 4746 ⁸Kotrmardin]
1033 4679 1206 4730 Koennerdin.
1238 4681 1270 4728 B.

270 4757 441 4824 *procreatam
461 4765 505 4808 est.
518 4761 573 4808 add.
604 4759 637 4808 D.
822 4759 943 4824 ‘'fuisset]
962 4759 1017 4810 fnit.
1046 4759 1079 4808 D.
