3300 5666
325 875 390 950 331
614 889 797 944 eunocum
819 887 1069 946 meroanauu.

158 1075 285 1132 [010010-
323 1067 437 1134 turum
461 1063 519 1152 qui
544 1063 729 1132 Romanum
756 1063 921 1130 obtinebit
948 1063 1130 1152 imperium.
1178 1065 1229 1130 De
1246 1063 1375 1132 duobus

157 1147 256 1278 1111ζὲθέ
324 1175 435 1240 autem
472 1163 671 1254 adimpleta¹
703 1169 784 1232 sunt
814 1167 954 1246 oracula,
985 1189 1060 1232 cmu
1077 1167 1299 1242 ¹*manifestum
1331 1169 1375 1232 sit

158 1277 264 1334 Arthur.
323 1271 495 1358 praeclaros
525 1273 566 1338 ut
596 1269 713 1342 dixisti
742 1271 913 1358 principes,
942 1269 1051 1358 Belyn
1082 1275 1183 1356 atque
1211 1269 1375 1334 Constan-

323 1373 434 1438 tiuum
463 1373 593 1460 imperii
638 1373 780 1440 Romani
821 1373 959 1460 gessisse
989 1373 1140 1460 insignia,
1168 1395 1257 1438 nunc
1295 1395 1374 1440 vero

323 1475 459 1546 tertium
479 1475 637 1544 habemus
660 1475 713 1540 cui
734 1477 862 1542 culmen
888 1475 1020 1546 honoris
1046 1475 1273 1562 promittitur3
1313 1475 1374 1538 fes-

323 1577 394 1644 tina
431 1601 507 1666 ergo
544 1577 686 1664 recipere
719 1579 807 1664 quod
845 1579 935 1642 Deus
974 1577 1065 1644 non²
1103 1577 1214 1644 differt
1251 1565 1371 1664 largiri,

323 1679 443 1746 festina
470 1679 652 1766 subjugare
692 1681 780 1764 quod
820 1679 896 1744 vult
935 1679 1113 1768 subjugari,
1156 1681 1277 1746 festina
1314 1703 1373 1746 nos

246 1833 255 1848 .
324 1803 435 1844 omnes
465 1781 612 1844 exaltare
635 1781 692 1866 qui
723 1787 763 1844 ut
793 1781 948 1846 exalteris
974 1805 1035 1846 nec
1064 1781 1203 1848 vulnera
1232 1781 1372 1868 recipere

323 1903 382 1946 nec
411 1883 516 1946 vitam
545 1883 696 1948 amittere
735 1883 915 1970 diffugiam.
988 1883 1040 1950 Ut
1070 1877 1182 1948 autem
1211 1883 1272 1948 hoc
1302 1907 1373 1970 per-

323 1977 412 2050 ficias
443 2003 475 2050 x.
506 1985 640 2050 milibus
671 1991 873 2052 armatorum
903 1989 1113 2072 praesentiam
1151 1991 1245 2052 tuam
1275 1987 1373 2054 conri-

138 2131 153 2144 »
209 2081 210 2084 “
322 2087 426 2152 tabor.

366 2189 553 2276 Anguselus
584 2211 642 2254 rex
679 2189 841 2270 Albaniae,
872 2195 912 2254 ut
943 2189 1071 2256 Hoelus
1100 2193 1200 2256 finem
1243 2191 1371 2256 dicendi

322 2291 449 2370 fecerat,
467 2291 555 2378 quod
578 2315 675 2378 super
698 2291 760 2362 hac
786 2315 822 2358 re
848 2293 1026 2358 affectabat
1053 2293 1089 2358 iu
1118 2295 1206 2360 hunc
1236 2293 1370 2358 modum

321 2393 529 2460 manifestare
555 2395 677 2480 incepit
689 2395 798 2458 r-Ex
824 2417 889 2480 quo
914 2395 1083 2460 dominum
1106 2417 1215 2462 meum
1233 2417 1272 2462 ea
1298 2419 1371 2482 quae

323 2495 433 2562 dixit³
463 2495 615 2566 affectare
646 2495 768 2582 conjeci
809 2501 905 2562 tauta
942 2497 1062 2564 laetitia
1105 2501 1214 2564 auimo
1256 2499 1372 2586 illapsa

322 2603 372 2664 est
386 2591 545 2684 quantam
567 2621 693 2684 nequeo
712 2599 923 2686 inpraesenti
947 2601 1134 2686 exprimere.
1166 2601 1261 2664 Nihii
1283 2603 1371 2666 enim

321 2701 356 2764 in
386 2701 560 2768 transactis
590 2701 866 2768 debellationibus
891 2723 972 2786 quas
1002 2707 1054 2768 tot
1085 2701 1212 2768 tantis4
1241 2703 1372 2788 regibus

322 2803 495 2894 intulimus
532 2803 634 2892 egisse
665 2803 817 2870 videmur
857 2805 936 2868 dum
977 2805 1118 2870 Romani
1150 2809 1184 2870 et
1214 2805 1371 2870 Gennani

321 2905 416 2972 illaesi
444 2913 667 2994 permaneant,
692 2929 753 2972 nec
779 2907 815 2972 in
845 2907 918 2972 illos
948 2909 1055 2974 clades
1078 2927 1159 2990 quas
1189 2907 1266 2970 olim
1297 2929 1371 2972 uos-

319 3007 489 3078 tratibus⁵
518 3011 725 3096 ingesserunt
754 3007 896 3074 viriliter
924 3007 1139 3072 vindicamur.
1164 3095 1165 3098 Ἴ
1199 3005 1248 3070 At
1274 3029 1369 3086 nunc,

322 3111 476 3196 quoniam
507 3111 603 3182 nobis
632 3110 765 3176 licentia
794 3109 1025 3196 congrediendi
1048 3109 1262 3196 permittitur,
1293 3131 1372 3196 gau-

323 3213 402 3278 dens
425 3213 514 3278 ultra
540 3211 675 3278 modum
704 3211 840 3300 gaudeo,
869 3217 903 3284 et
934 3211 1095 3278 desiderio
1117 3211 1183 3278 diei
1207 3233 1272 3299 quo
1296 3233 1371 3278 con-

321 3317 489 3380 veniemus
536 3319 722 3404 exaestuans
776 3317 853 3380 sitio
902 3337 1050 3380 cruorem
1100 3317 1230 3380 iHorum
1273 3339 1369 3402 quem
1440 3311 1443 3318 ’

321 3417 498 3482 admodum
521 3417 647 3484 fontem
671 3419 699 3484 si
730 3419 842 3482 triduo
867 3417 1077 3506 prohiberet6
1102 3441 1144 3484 ne
1170 3419 1323 3484 biberem.

308 3509 309 3512 ¹
366 3521 394 3586 Ο
419 3521 448 3584 si
469 3509 561 3586 illam
582 3521 689 3590 lucem
719 3521 878 3588 videbo!¹
908 3521 1017 3602 Quam
1047 3521 1155 3590 dulcia
1178 3525 1275 3586 erunt
1298 3507 1368 3584 vui-

319 3645 397 3688 nera
431 3647 504 3710 quae
536 3623 590 3690 vel
622 3623 777 3712 recipiam
808 3625 862 3690 vel
886 3623 1032 3704 inferam,
1064 3623 1195 3710 quando
1218 3623 1370 3692 dexteras

320 3749 530 3798 conseramus.
578 3725 657 3816 Ipsa
679 3729 779 3794 etiam
802 3749 890 3794 mors
912 3725 1016 3794 dulcis
1039 3727 1110 3806 erit,
1136 3727 1215 3792 dum
1238 3749 1311 3790 eam
1334 3727 1369 3790 in

320 3831 517 3896 vindicando
548 3835 658 3916 patres
694 3833 833 3910 'nostros
857 3831 894 3898 in
924 3823 1053 3896 tuendo
1082 3827 1271 3894 libertatem
1294 3851 1367 3896 nos-

236 3997 237 4002 ,
320 3941 417 4016 tram,
452 3935 489 3998 in
522 3935 698 4002 exaltando
732 3955 842 4022 regem
872 3937 1032 4016 nostrum,
1065 3953 1234 4018 perpessus
1266 3931 1366 3998 fuero.

318 4035 562 4126 Aggrediamur
585 4035 753 4100 semiviros
783 4033 857 4100 illos
887 4039 921 4124 ct
944 4033 1163 4124 aggrediendo
1186 4039 1368 4122 perstemus

319 4143 358 4204 ut
381 4139 518 4204 devictis
542 4139 620 4226 ipsis
640 4153 764 4202 'eorum
794 4137 973 4204 honoribus
1004 4159 1078 4202 cum
1100 4135 1180 4202 laeta
1202 4137 1368 4224 potiamur

350 4557 511 4626 ¹odimptatc]
530 4557 639 4622 impieta
682 4559 747 4610 B.D.
893 4559 1071 4628 ὂ0000011100]
1091 4559 1191 4634 niatibp
1228 4561 1263 4616 A.
1292 4577 1366 4614 uran-

348 4639 429 4704 ²aon]
449 4653 498 4688 om.
530 4637 561 4688 B.
771 4703 773 4706 Ι
861 4641 935 4696 tibus.
970 4641 1035 4698 RD,

348 4717 440 4784 mair]
459 4715 512 4768 dii.
549 4715 584 4770 A.
894 4719 1060 4788 ⁶prolu'bcrct]
1079 4719 1230 4786 prohiberer.
1257 4721 1320 4774 RD.

349 4797 457 4862 ⁴tcatis]
478 4801 509 4850 et.
526 4811 612 4862 praem.
629 4843 630 4846 ,
646 4793 709 4848 RD,
1023 4811 1025 4814 ·
1067 4837 1071 4846 .
1307 4825 1309 4832 v
