3308 5666
191 1081 246 1130 The
259 1081 321 1130 Pro-

190 1151 271 1214 phecy
282 1151 312 1200 of

191 1215 291 1268 Merlin.

359 887 422 950 288
669 899 851 950 nunocrun
874 899 1124 950 nrsronmnun.

404 1073 516 1140 Catuli
539 1073 640 1138 leonis
662 1075 698 1138 in
720 1095 887 1160 aequoreos
909 1075 1012 1160 pisces
1034 1073 1354 1138 transformabuntur
1370 1077 1403 1138 et

359 1179 468 1262 aquila
494 1175 563 1262 ejus
585 1199 681 1264 super
695 1175 843 1244 montes¹
869 1173 1001 1242 avium²
1024 1175 1228 1256 nidificabit;

404 1279 586 1346 Venedocia
609 1281 741 1346 rubebit
770 1283 918 1344 materno
945 1277 1105 1364 sanguine
1136 1283 1170 1342 et
1198 1279 1312 1342 domus
1343 1277 1404 1344 Co-
1467 1341 1473 1348 „
1523 1267 1524 1272 ἵ

357 1383 451 1448 rinaei
474 1399 519 1448 VI.
542 1383 659 1448 fratres
685 1381 882 1448 interficiet:

402 1485 583 1550 Nocturnis
626 1481 804 1570 lachrymis
844 1481 992 1546 madebit
1023 1481 1139 1562 insula,
1170 1481 1258 1548 unde
1296 1505 1407 1548 omnes

358 1589 532 1652 adomnia
559 1587 834 1672 provocabuntur,

403 1689 567 1754 Nitentur
588 1689 708 1774 posteri
731 1685 936 1752 transvolare
966 1707 1116 1772 superna,
1148 1685 1204 1750 sed
1234 1687 1406 1754 favor-no-

357 1811 474 1856 vorum
497 1789 736 1870 sublimabitur,

403 1895 546 1962 Noccbit
569 1895 750 1982 possidenti
774 1917 816 1960 ex
848 1893 959 1982 impiis
984 1895 1091 1980 pietas
1118 1895 1220 1960 donec
1252 1915 1320 1958 sese
1354 1917 1407 1980 ge-

358 1997 488 2064 nitore³
510 1999 680 2064 induerit.4
937 1997 938 2000 '
969 2063 971 2066 .

403 2101 486 2186 Apri
515 2101 621 2186 igitur
651 2099 807 2164 dentibus
842 2099 1008 2166 accinctus
1040 2099 1209 2164 cacumina
1246 2097 1409 2174 montium

359 2207 392 2266 et
414 2203 565 2266 umbram
587 2203 710 2288 galeati
733 2201 963 2282 transcendet;

404 2303 639 2390 indignabitur
671 2303 818 2368 Albania
861 2309 896 2368 et
938 2303 1126 2368 convocatis
1169 2303 1410 2368 collateralibus

358 2405 549 2492 sangninem
575 2405 742 2472 effundere
764 2405 908 2470 vacabit.

404 2507 549 2572 Dabitur
563 2509 706 2574 maxillis
730 2507 798 2594 ejus
820 2507 948 2572 frenum
966 2509 1054 2594 qnod
1074 2507 1111 2570 in
1127 2507 1323 2572 Armorico⁵
1339 2507 1413 2572 sinu

357 2609 582 2686 fabricabitur,

404 2711 589 2776 Deaurabit
615 2711 698 2778 illud
722 2711 832 2798 aquila
862 2711 953 2798 rupti
976 2711 1108 2776 foederis
1139 2717 1173 2778 et
1199 2713 1298 2778 tertia
1328 2713 1414 2776 nidi-

358 2813 509 2878 ficatione
531 2813 696 2900 gaudebit.

404 2915 624 3002 Evigilabnnt
657 2917 827 3002 rugientes
859 2915 961 2980 catuli
988 2921 1021 2978 εὴ
1052 2913 1237 3002 praepositis
1275 2915 1415 2978 nemori-

358 3019 420 3084 bus
443 3017 530 3080 infra
553 3017 676 3082 moenia
699 3017 876 3080 civitatum
899 3017 1120 3092 venabuntur,

404 3119 558 3206 Stragem
581 3141 649 3184 non
672 3119 845 3182 minimam
869 3139 911 3182 cx
926 3117 1137 3184 obstantibus
1153 3117 1275 3182 facient
1298 3125 1332 3182 εὴ
1355 3117 1416 3182 lin-

357 3245 439 3308 guas
462 3227 635 3288 taurorum
659 3221 852 3302 abscident;
884 3221 979 3284 Colla
1001 3221 1206 3308 rugientium
1229 3220 1413 3286 onerabunt

356 3323 480 3388 catenis
504 3329 537 3388 et
560 3329 657 3388 aucta
682 3329 832 3408 tempora
854 3323 1065 3388 renovabunt
1077 3349 1085 3404 ;
1109 3323 1263 3386 Exinde⁶
1286 3323 1326 3386 dc
1348 3323 1415 3406 pri-

339 3447 410 3498 ,mo
440 3427 477 3490 in
503 3431 668 3510 quartum,
702 3425 744 3490 de
771 3427 890 3512 quarto
921 3425 957 3488 in
987 3425 1136 3504 tertium,
1163 3425 1228 3490 de⁷
1254 3425 1353 3488 tertio
1376 3425 1412 3486 in

356 3527 535 3594 secundum
557 3527 726 3594 rotabitur
748 3527 859 3614 pollex
881 3527 917 3590 in
941 3527 1034 3606 oleo;

401 3631 525 3698 Sextus
541 3629 712 3696 Hiberniae
736 3629 861 3694 moenia
883 3627 1049 3694 subvertit
1072 3633 1107 3692 et
1128 3649 1262 3692 nemora
1283 3627 1320 3698 in
1342 3629 1410 3712 pla-

358 3735 475 3800 nitiem
498 3731 666 3812 mutabit,8

400 3837 556 3902 Diversae
578 3835 747 3922 portiones
769 3833 805 3898 in
828 3853 929 3896 unam
959 3833 1093 3898 reducet
1118 3837 1152 3896 et
1169 3829 1274 3916 capite
1305 3831 1408 3896 leonis

356 3939 584 4018 coronabitur3

932 4147 940 4152 1.
945 4143 1397 4154 ......-.-..-...„...........m-....—---—·-—·

390 4291 510 4358 ¹montes]
530 4297 622 4344 monto.
640 4293 670 4342 B.
689 4301 806 4344 montem.
824 4291 857 4340 Ι).
880 4311 882 4368 p
901 4291 1020 4342 membris
1042 4307 1056 4340 a
1080 4291 1161 4356 patrio
1184 4293 1236 4342 solo
1259 4291 1409 4342 elimabitur.

356 4369 464 4420 Ashort
475 4385 573 4420 erasure
584 4371 684 4420 follows
696 4373 724 4420 in
735 4373 769 4420 Α.
902 4385 987 4432 praem.
1022 4369 1087 4420 B.D.

388 4447 504 4514 ²avinm]
533 4463 657 4500 araneum.
688 4451 719 4500 B.
737 4449 859 4500 cranium.
937 4437 984 4498 liu
998 4447 1140 4514 Armorica]
1162 4437 1189 4498 in
1205 4449 1322 4500 americo.
1340 4451 1405 4502 RD.

356 4529 389 4578 D.
810 4541 811 4544 ’
938 4527 1070 4592 ⁰Erinde]
1089 4527 1166 4578 Exin.
1202 4529 1266 4578 RD.

389 4605 529 4670 ³9enitore]
551 4605 669 4670 genitori.
704 4607 735 4656 B.
940 4607 948 4632 ²
965 4607 1065 4664 tertium,
1078 4607 1120 4670 de]
1142 4607 1281 4656 Interliued
1292 4607 1319 4656 in
1331 4607 1361 4656 B.

389 4685 398 4712 ⁴
412 4687 456 4734 Vae
467 4683 521 4744 tibi,
532 4685 657 4746 Nemnis,
668 4685 728 4748 quia
736 4685 864 4734 cerebrum
939 4685 1036 4736 ⁸tha.
1058 4685 1085 4734 in
1107 4701 1186 4748 marg.
1205 4687 1239 4736 A.
1256 4693 1301 4736 not
1320 4689 1411 4736 under·

356 4763 435 4814 leonis
446 4763 474 4812 in
485 4769 510 4814 te
519 4763 667 4826 effundetur,
676 4763 864 4826 dilaceratisq'ue
908 4763 984 4814 liued.

1584 2597 1602 3040 r

1577 3149 1596 3808 l
