3300 5666
422 841 600 890 nunoomn
624 839 872 890 HISTORIARUM.
1109 825 1168 896 197

109 1039 242 1104 ¹pancos
266 1017 378 1082 Danos
400 1017 456 1100 qui
483 1017 623 1102 peccatis
646 1017 855 1102 exigentibus
885 1015 1076 1100 aliquandiu
1098 1037 1168 1100 reg·
1182 1033 1252 1084 nm.
1268 1039 1338 1088 moe.

123 1123 293 1184 naverunt.
370 1117 511 1198 Quidam
545 1119 632 1184 enim
669 1139 839 1204 procerum
879 1117 1056 1184 Willielmo
1095 1117 1170 1184 duci

125 1217 337 1286 Nor-manniae
375 1219 538 1286 favebant.
609 1221 753 1298 Quidam
790 1241 868 1284 vero
925 1221 1054 1304 Edgaro
1099 1217 1168 1284 filio

125 1325 290 1404 Edwardi
315 1323 403 1388 dicto
428 1323 583 1402 irenside,
602 1321 660 1406 qui
683 1323 747 1388 fuit
770 1343 830 1388 rex
851 1321 1013 1388 naturalis
1029 1321 1167 1406 Angliae.

125 1425 266 1504 Quidam
302 1445 380 1490 vero
419 1423 567 1514 Haraldo
603 1429 740 1510 propter
778 1445 870 1490 suam
907 1425 1092 1510 potentiam
1130 1427 1165 1486 et

122 1525 261 1590 aliorum
284 1525 467 1590 absentiam
504 1525 669 1592 favebant.
716 1525 884 1592 Haraldus
907 1549 984 1592 vero
1013 1527 1079 1590 fide
1109 1547 1164 1590 ex·
1178 1535 1272 1616 Harold

121 1631 209 1694 torta
225 1649 246 1692 a
268 1627 447 1694 minoribus
465 1627 558 1714 regni
572 1629 675 1716 capiti
689 1629 819 1716 proprio
836 1629 993 1716 imposuit
1009 1627 1164 1694 diadema.
1179 1607 1309 1724 Ξξᾏξξζὼθ

122 1729 167 1794 Et
190 1731 234 1794 sio
264 1729 364 1794 fracto
395 1731 584 1814 juramento
608 1735 720 1796 contra
751 1733 866 1796 ducem
893 1729 1102 1796 Willielmum
1133 1737 1167 1796 et

122 1835 234 1898 contra
257 1831 367 1898 omnia
385 1831 461 1920 jura
483 1833 612 1916 regalia,
637 1833 714 1918 quia
737 1833 777 1898 de
808 1835 966 1918 sanguine
988 1833 1077 1920 regio
1099 1855 1167 1898 non

122 1933 219 2000 duxit
242 1935 408 2020 originem,
433 1955 569 2020 regnum
592 1935 724 2020 Angliae
743 1937 927 2022 'usurpavit
985 1937 1051 2002 Sed
1076 1937 1167 2022 justo

120 2033 185 2100 Dei
206 2035 330 2120 judicio
360 2037 447 2100 infra
477 2059 600 2100 annum
630 2059 767 2124 regnum
798 2037 942 2122 perdidit
980 2043 1014 2102 et
1051 2039 1164 2102 vitam.

120 2139 237 2204 Frater
281 2139 369 2204 enim
406 2141 483 2226 ejus
508 2139 639 2204 Tostius
677 2139 819 2220 nomine,
858 2141 928 2228 regi
967 2139 1159 2204 Noricorum
1177 2141 1263 2234 Tosiig

117 2243 264 2320 adhaesit,
281 2245 319 2306 ut
341 2241 372 2306 ei
394 2243 556 2306 auxilium
577 2247 750 2326 praestaret
776 2247 890 2306 contra
911 2243 1045 2306 fratrem
1067 2237 1290 2352 001οἚ016Βά

113 2343 286 2427 juniorem.
332 2343 398 2424 Qui
420 2343 551 2428 quidem
573 2365 633 2408 rex
652 2343 849 2408 Noricorum
866 2343 998 2408 fulcivit
1016 2345 1163 2408 Tostium
1199 2319 1298 2368 agan.

117 2445 154 2508 in
176 2445 310 2510 fratrem
333 2445 493 2510 seniorem
516 2465 590 2510 oum
606 2459 674 2510 000.
698 2445 876 2530 cogenibus
898 2445 981 2510 bene
1005 2447 1162 2510 armatisl

116 2545 153 2608 in
182 2545 339 2630 Angliam
369 2547 570 2632 applicantes
601 2569 677 2612 cum
710 2531 888 2632 praedictis
911 2547 1025 2610 multis
1062 2569 1164 2630 usque

115 2647 336 2714 Staunforde²
358 2651 585 2734 pervenerunt.
634 2649 708 2728 Quo
742 2649 881 2734 cognitu
905 2669 965 2712 rex
997 2647 1163 2714 Haraldus
1175 2683 1296 2732 Batucof

114 2753 238 2816 cunctis
270 2749 396 2816 viribus
428 2751 570 2816 collectis
601 2749 705 2816 illuc3
736 2749 933 2816 festinanter
965 2751 1099 2816 accessit
1130 2759 1164 2816 et
1177 2749 1302 2824 saumuro

57 2875 60 2878 ·
113 2851 188 2918 eos4
210 2853 352 2918 viriliter
374 2853 585 2940 expugnavit.
1178 2817 1302 2878 &¹di

159 2955 249 3042 Rege
280 2955 369 3020 enim
392 2955 597 3034 Noricorum,
634 2951 783 3020 Haraldo
812 2953 954 3034 nomine,
973 2953 1111 3032 devicto,
1129 2959 1163 3020 et

113 3059 225 3124 Tostio
263 3059 363 3122 fratre
399 3059 484 3146 regis
521 3057 652 3144 Angliae
687 3057 800 3138 occis0,
831 3081 906 3122 cum
938 3057 1013 3122 aliis
1050 3057 1163 3122 multis

111 3161 303 3242 interfectis,
328 3183 388 3226 rex
403 3161 588 3246 Anglorum
611 3161 781 3224 Haraldus
805 3183 935 3224 ornnem
956 3161 1102 3248 praedam
1124 3161 1161 3224 in
1177 3185 1336 3236 Theavariee

110 3265 256 3350 proprios
278 3285 355 3328 usus
380 3269 570 3328 convertens
592 3263 679 3326 nulli
701 3263 875 3350 quicquam
899 3263 1161 3332 communicavit.
1175 3251 1317 3304 ofHarom.
1410 3249 1412 3254 ¹

112 3365 360 3432 Oommilitones
383 3367 435 3432 sui
467 3365 645 3454 plurimum
680 3365 890 3450 indignantes
920 3371 954 3430 et
987 3365 1163 3432 avaritiam

111 3467 268 3554 principis
309 3467 510 3534 detestantes
541 3467 584 3532 ab
618 3467 710 3534 omni
744 3467 830 3554 regis
864 3467 1091 3532 familiaritate
1130 3473 1165 3534 et

111 3569 246 3636 servitio
269 3569 472 3636 unanimiter
494 3575 702 3636 recesserunt.

158 3671 231 3738 Rex
261 3671 366 3760 igitur
388 3671 574 3758 Anglorum
605 3671 774 3736 Haraldns
804 3671 845 3734 de
875 3673 972 3734 tanto
995 3669 1166 3758 triumpho

110 3775 148 3840 in
177 3775 363 3860 superbiam
387 3775 501 3854 elatus,
533 3773 573 3838 de
612 3795 688 3860 rege
725 3769 854 3838 sactus⁵
884 3777 1049 3858 tyrannus
1079 3773 1167 3838 inter

111 3877 220 3962 ipsum
251 3883 285 3942 et
316 3877 431 3942 ducem
452 3875 668 3942 Willielmum
692 3875 733 3940 de
756 3879 852 3962 pacto
875 3875 1087 3940 sacramentis
1109 3875 1165 3938 fir-

111 3983 201 4046 mato
227 3979 312 4044 nihil
335 3979 492 4066 cogitans.
554 3977 620 4046 Sed
650 4001 724 4044 curn
754 3977 953 4044 Willielmus
977 3977 1164 4042 Ham-idum
1180 4025 1290 4076 william

110 4103 248 4168 regnum
278 4081 412 4166 Angliae
443 4085 557 4148 contra
577 4083 804 4168 juramentum
834 4081 1043 4166 cognovisset
1070 4103 1164 4146 usur·
1177 4091 1285 4142 sendsto

111 4205 212 4272 passe,
243 4205 302 4270 per
338 4183 474 4250 nuntios
512 4205 586 4250 suos
627 4185 748 4250 leniter
778 4185 819 4250 de
855 4181 1058 4250 uiolatione6
1086 4183 1165 4252 fidei
1175 4157 1280 4208 Hm*

147 4501 281 4568 ¹urmttis]
301 4501 352 4566 qui.
376 4503 431 4554 add.
465 4503 528 4554 RD.
698 4507 813 4574 ⁵sactus]
832 4513 876 4560 est.
894 4507 950 4558 add.
984 4507 1054 4560 B.D.

146 4581 331 4646 ²S⁸au⁷²f⁰rdei
346 4581 531 4632 SfflfflfOfdiam·
547 4583 612 4632 RD·
698 4597 858 4664 melarione]
888 4599 990 4652 rasione
1018 4607 1051 4652 et,
1078 4615 1164 4666 praem.

146 4659 237 4724 reduc]
257 4673 305 4710 om.
339 4659 403 4712 B.D÷
665 4679 695 4730 B.

147 4729 219 4804 leos]
238 4753 287 4788 om.
299 4739 330 4790 B.
349 4739 489 4790 interlined.
