3300 5666
545 857 732 932 ,nuuoeruu
756 863 1004 914 ursronrruurr.
1250 851 1312 916 '241

250 1033 459 1100 Britanniam
482 1035 597 1102 adivit.
644 1037 829 1122 Divulgato
860 1035 978 1100 Beliuo
1001 1037 1205 1102 adventum¹
1237 1037 1302 1102 fru-

248 1139 310 1204 tris
337 1159 465 1202 omnem
490 1139 672 1202 exercitum
696 1143 813 1202 contro
835 1159 909 1202 eum
931 1139 1062 1224 collegit
1082 1143 1116 1202 et
1142 1139 1178 1202 in
1199 1161 1301 1202 menu

248 1241 325 1304 forti
363 1239 393 1304 ei
426 1239 583 1304 obviavit.
646 1241 713 1306 Sed
752 1259 826 1304 eum
865 1239 940 1304 hinc
978 1243 1012 1302 et
1049 1241 1127 1304 inde
1164 1245 1300 1306 statutee

248 1341 372 1406 fuerint
393 1341 540 1406 cohortes
578 1345 612 1406 et
642 1363 716 1406 cum
748 1341 814 1406 fere
845 1339 1053 1406 commiscere
1090 1341 1297 1426 incepissent,

248 1443 441 1508 acceleravit
465 1445 572 1508 meter
598 1445 777 1522 amborum,
804 1443 938 1508 nomine
965 1441 1119 1520 Oonwen,
1145 1463 1218 1526 quee
1243 1445 1300 1508 ed·

246 1547 311 1610 ·huc
347 1545 494 1624 vivebet,
532 1565 590 1632 per
628 1549 756 1610 tunnas
794 1543 971 1624 incedens;
1015 1545 1179 1610 aestuebet
1211 1547 1299 1610 enim

247 1649 352 1712 filium
389 1647 500 1712 videre
538 1667 634 1734 quem
679 1641 799 1712 multo
822 1653 970 1734 tempore
1007 1667 1075 1712 non
1112 1651 1295 1734 aspexerat.

97 1805 101 1814 .
182 1805 184 1808 .
248 1751 506 1836 Materquoque
529 1749 663 1814 nudetis
688 1751 844 1816 uberibus
867 1749 962 1814 illurn
987 1751 1023 1814 in
1049 1751 1137 1816 huno
1163 1751 1298 1818 modum

248 1853 348 1916 effeta
363 1857 422 1928 est,
446 1873 627 1918 sermonem
643 1851 843 1940 impediente
859 1853 1010 1940 singultu
1026 1877 1081 1918 3-

292 1953 468 2030 Memento,
497 1953 553 2030 fili,
577 1959 742 2020 memento
771 1955 910 2018 uberum
942 1955 1083 2020 istorum
1114 1979 1188 2042 quoe
1219 1977 1296 2020 sux-

246 2057 311 2134 isti,
341 2057 519 2142 matrisque
542 2063 611 2122 tum
640 2057 728 2122 uteri
758 2057 921 2144 augustiis
944 2081 1017 2124 mee
1042 2059 1167 2124 viscere
1194 2059 1296 2124 eruci-

248 2159 399 2240 autibus;
422 2159 576 2246 petitioni
600 2179 680 2224 meae
703 2159 884 2246 adquiesco,
902 2159 1059 2246 fratrique
1085 2165 1145 2226 tuo
1166 2163 1297 2228 veniam

247 2261 383 2326 concede
419 2267 517 2348 utque
554 2261 718 2346 inceptam
756 2261 840 2324 irem
884 2283 1055 2348 compesce.
1130 2263 1297 2328 Memento

247 2363 372 2428 nullum
408 2363 493 2426 irem
530 2363 685 2430 adversus
724 2386 799 2428 eum
836 2363 955 2428 hebere
993 2365 1098 2442 debes,
1138 2365 1196 2450 qui
1233 2365 1297 2428 tibi

247 2465 372 2554 nullom
395 2465 626 2530 contumelium
650 2465 782 2552 incepit.
844 2465 923 2530 Non
948 2465 1035 2530 enim
1062 2471 1096 2532 te
1120 2467 1251 2552 fugavit
1278 2489 1298 2528 e

170 2611 171 2614 =
248 2589 354 2654 regno,
379 2571 418 2630 ut
440 2567 591 2632 deterius
623 2567 687 2632 tibi
719 2567 934 2654 contingeret,
959 2569 1017 2632 sed
1047 2569 1153 2654 coegit
1178 2567 1296 2634 deteri-

248 2693 304 2734 ora
318 2675 510 2756 postponere
535 2673 575 2732 ut
589 2669 719 2756 potiore
746 2669 930 2756 susciperes.
978 2669 1140 2734 Subditus
1155 2693 1297 2756 numque

84 2777 87 2804 ²
247 2771 295 2838 illi
317 2775 445 2858 partem
466 2771 561 2858 regni
584 2771 773 2858 possideus²
800 2795 899 2858 quem
921 2775 960 2836 ut
979 2773 1125 2850 emisisti,
1150 2795 1209 2858 per
1234 2771 1297 2836 sibi

247 2873 351 2938 fectus
386 2879 420 2936 e's
449 2893 587 2960 reguum
623 2873 865 2960 Allobrogum³
887 2875 1032 2960 adeptus.
1094 2873 1190 2938 Adde
1220 2895 1297 2960 ergo

248 2975 334 3062 quod
371 2975 545 3040 dissidium
573 2975 662 3040 inter
691 2995 750 3040 vos
781 2979 890 3040 ortum
912 2997 978 3040 non
1008 2997 1066 3062 per
1095 2975 1203 3062 ipsum
1240 2975 1298 3038 sed

246 3101 305 3164 per
326 3081 359 3168 te
383 3083 526 3164 coeptum
552 3077 623 3156 fuit,
650 3077 708 3162 qui
731 3077 855 3144 auxilio
878 3077 964 3164 regis
989 3077 1172 3164 Noruegiee
1194 3077 1298 3140 fretus

246 3181 282 3242 in
296 3179 404 3266 ipsum
419 3179 585 3266 insurgere
602 3185 807 3244 aestucverus.

291 3281 394 3368 Super
431 3281 511 3346 fletu
549 3281 687 3346 metris4
721 3281 885 3346 Brennius
918 3281 1048 3346 sedatus
1082 3281 1208 3366 geleem
1241 3281 1296 3344 de-

246 3383 361 3468 posuit,
386 3387 420 3446 et
446 3383 580 3448 cumea
605 3383 648 3446 ed
673 3383 817 3446 fratrem
839 3383 990 3468 perrexit.
1037 3383 1170 3446 Belinus
1195 3381 1297 3466 igitur

246 3485 352 3572 ipsum
374 3489 526 3570 poectum
542 3483 665 3562 videns,
683 3485 818 3570 abjectis
840 3485 948 3566 ermis,
965 3485 1000 3548 in
1024 3483 1191 3570 amplexus
1213 3483 1296 3568 ejus-

248 3587 320 3658 dem
344 3607 417 3652 cnm
440 3587 548 3652 osculo
571 3587 723 3652 cucurrit.

671 3941 751 4008 Ore.
777 3939 870 4008 XVI.

290 4151 510 4216 meinerus
548 4151 678 4238 regibus
701 4157 735 4218 et
763 4151 949 4240 cohortibus
975 4149 1158 4216 ¹exarmatis
1180 4147 1296 4214 urbem

247 4253 485 4320 Trinououtum
507 4255 718 4320 advenerunt.
772 4253 826 4318 lbi
850 4253 986 4318 oonsilio
1017 4257 1124 4340 coepto
1148 4253 1227 4338 quid
1249 4253 1296 4316 se-

199 4355 202 4358 ’
246 4361 355 4422 cereut
385 4363 585 4442 pereverunt
608 4357 787 4424 exercitum
818 4377 1021 4422 communem
1049 4355 1085 4418 in
1116 4355 1296 4420 Galliarum

733 4539 1294 4546 Q——Q--W-m-m

279 4641 438 4706 ¹aducutnm]
468 4643 584 4692 adventu.
629 4639 660 4690 B.
706 4641 749 4690 the
826 4639 1011 4706 ³Allolrropum]
1031 4639 1196 4692 Allobrioum.
1230 4641 1296 4690 B.D.

247 4719 393 4770 circumfiex
404 4721 500 4770 rubbed
511 4725 561 4770 out.
827 4721 836 4748 ⁴
849 4721 945 4784 matris]
965 4721 1048 4770 meris.
1084 4721 1114 4770 B.
1148 4721 1190 4768 the
1202 4729 1211 4768 t
1223 4721 1297 4772 inter-

280 4797 436 4864 2ροεείιίιναε]
456 4799 607 4862 possidebas.
641 4797 705 4850 Bl).
797 4799 870 4850 lined.

336 4893 410 4942 rou.
436 4893 470 4942 11.
1145 4901 1166 4958 Q
