3300 5666
482 843 664 892 ,00000100
683 841 935 892 0100000000.
1124 883 1125 886 ,
1170 827 1233 892 nal

233 1019 323 1082 Tunc
361 1019 514 1084 Britones
548 1017 725 1082 Lucrinum
764 1023 1007 1082 coronaverunt
1044 1015 1079 1082 in
1118 1037 1238 1104 regem,
1253 1039 1406 1092 Coronation

188 1121 321 1188 vivente
345 1121 500 1188 Ocrinaeo.
554 1119 642 1186 Nam
673 1121 798 1184 Brutus
822 1121 1054 1206 desponderat¹
1089 1117 1239 1188 (loriuaco
1253 1107 1375 1226 ἓὶξθοῖῑ·

123 1307 124 1310 ¹
189 1225 277 1310 quod
308 1223 466 1288 Lucrinus
496 1223 584 1288 filius
611 1223 681 1310 ejus
709 1223 813 1286 filiam
845 1223 989 1290 Corinaei
1019 1223 1239 1308 desponsaret.
1303 1211 1308 1226 ’

191 1327 259 1392 1010
294 1331 406 1392 autem
441 1325 600 1390 Locrinus
635 1325 735 1390 duxit
761 1347 900 1412 regnum
936 1325 973 1390 in
1004 1347 1125 1412 magna
1151 1349 1241 1416 pros-

188 1429 327 1516 peritate
366 1433 401 1492 et
437 1427 595 1494 felicitate
627 1433 660 1494 et
704 1449 834 1492 summa
871 1427 1124 1514 tranquillitate.
1186 1427 1240 1494 Ab

190 1531 341 1598 omnibus
365 1531 539 1596 amabatur
564 1553 631 1596 non
656 1531 774 1596 timore
799 1533 856 1596 sed
879 1553 998 1596 arnone.

233 1633 363 1700 Accidit
386 1643 498 1700 autem
525 1633 613 1720 quod
628 1631 834 1698 Albanactus
857 1633 982 1700 felicem
1005 1633 1104 1700 duxit
1127 1635 1239 1710 vitam,

189 1757 249 1824 per
278 1736 375 1820 longa
406 1739 563 1822 tempora.
617 1737 765 1802 Tandem
801 1735 937 1820 quidam
968 1757 1026 1802 rex
1049 1737 1089 1802 de
1121 1735 1241 1802 Hund-

189 1835 291 1916 land,2
329 1837 380 1902 cui
416 1835 538 1904 nomen
584 1837 747 1926 Hymbar,
787 1837 1011 1904 Albanactum
1050 1837 1242 1924 supervenit

191 1945 297 2032 ipsum
320 1943 522 2026 debellanda,
542 1967 563 2008 a
582 1967 646 2030 quo
669 1945 705 2010 in
727 1945 822 2010 brevi
845 1945 966 2012 occisus
984 1949 1041 2012 001.
1081 1943 1242 2010 Homines

190 2069 267 2112 vero
298 2045 450 2112 Albaniae
487 2049 530 2114 ad
567 2047 742 2112 Lucrinum
788 2047 944 2132 fugerunt
981 2049 1175 2114 nuntiantes
1201 2045 1242 2112 ci

191 2171 300 2214 necem
323 2147 434 2214 fratris
464 2151 524 2230 sui,
547 2155 703 2234 rogantes
730 2155 770 2216 ut
800 2151 909 2238 ipsum
933 2149 1125 2216 vindicaret.

237 2249 393 2316 Lucrinus
415 2273 494 2316 vero
530 2253 674 2316 multum
709 2253 883 2318 condolens
916 2253 1110 2318 convocavit
1132 2273 1243 2316 omnes

193 2351 345 2418 Britones
368 2357 403 2416 et
425 2353 512 2418 facta
546 2353 762 2420 multitudine
794 2355 947 2432 maxima,
971 2353 1062 2420 misit
1084 2357 1160 2440 post
1180 2353 1243 2416 fra·

197 2459 282 2520 trem
316 2475 411 2518 suum
444 2453 599 2538 Kamber,
623 2461 663 2520 ut
686 2477 760 2520 curn
782 2459 854 2522 1010
887 2455 1002 2522 robore
1034 2479 1092 2522 000
1115 2457 1243 2522 veniret

194 2561 229 2622 et
252 2561 391 2620 mortem
413 2555 526 2622 fratris
549 2559 600 2622 sui
623 2559 809 2624 vindicaret
821 2581 829 2636 ;
862 2559 919 2642 qui
942 2557 982 2624 de
1005 2563 1111 2624 morte
1133 2557 1243 2622 fratris

191 2659 333 2726 multum
368 2659 541 2726 condolens
575 2683 648 2726 cum
680 2681 801 2744 magno
833 2659 980 2726 exercitu
1003 2657 1076 2726 ,0013
1107 2661 1242 2726 fratrem

192 2785 286 2828 suum
310 2761 507 2828 licerinum*
521 2761 608 2846 apud
632 2761 862 2848 Νο110010005
878 2761 1073 2828 festinanter
1095 2761 1240 2830 advenit.

192 2865 319 2944 Quibus
343 2865 491 2950 peractis,
515 2885 626 2950 regem
660 2865 816 2950 Hymbar
849 2865 993 2950 undique
1016 2863 1240 2950 explorabant.

194 2967 269 3052 Ipso
292 2969 436 3046 invento,
461 2965 593 3032 irruunt
615 2967 651 3030 in
676 2987 750 3032 eum
785 2967 851 3032 dno
873 2967 991 3032 fratres
1022 2987 1097 3032 cum
1120 2967 1241 3032 exerci-

192 3069 282 3134 tibus
304 3069 370 3134 suis
393 3069 504 3136 subito
520 3069 829 3154 supervenientibus
840 3093 849 3150 ;
873 3067 1027 3154 Hymbar
1043 3089 1120 3134 vero
1142 3069 1240 3134 nimis

192 3171 325 3238 territus
356 3171 447 3236 misit
477 3193 511 3238 se
542 3171 576 3236 in
611 3191 730 3256 aquarn
761 3171 821 3236 ubi
855 3171 970 3236 statim
994 3173 1159 3236 demersus
1181 3177 1239 3238 est.

191 3269 309 3338 ¹PriusG
339 3273 426 3338 enim
459 3273 581 3340 fluvius
612 3272 668 3338 ille
702 3275 884 3338 vocabatur
916 3273 1047 3350 Trenta,
1079 3279 1158 3338 tunc
1190 3297 1239 3338 as·

193 3373 333 3460 sumpsit
353 3395 474 3440 nomen
509 3397 529 3440 a
562 3395 639 3460 rege
673 3375 708 3438 in
740 3375 799 3440 illo
836 3375 1004 3440 submerso
1039 3379 1074 3440 01
1107 3381 1242 3440 vocatur

195 3473 366 3542 number?
411 3477 495 3542 Tota
525 3475 650 3540 familia
683 3475 768 3562 regis
803 3473 984 3542 submersi8
1007 3475 1139 3542 omnino
1176 3479 1242 3544 fuit

193 3579 367 3656 destructa,
392 3575 464 3644 1109
498 3579 586 3664 quod
617 3575 715 3644 non¹⁰
737 3599 825 3644 unus
858 3577 1015 3642 remansit
1048 3579 1144 3642 vivus
1178 3581 1242 3644 nisi

194 3683 292 3746 unica
313 3681 422 3768 puella
444 3681 582 3748 inventa
603 3681 639 3746 in
662 3679 753 3768 navi,
777 3679 924 3746 Estrilda
945 3681 1085 3746 nomine.

238 3781 352 3848 Visa¹¹
377 3785 484 3870 puella
517 3805 593 3870 rege
627 3783 765 3848 Lucrino
797 3803 870 3848 eam
903 3783 1001 3846 duxit
1033 3783 1075 3846 ad
1109 3781 1240 3848 Novam

194 3883 333 3972 Trojam,
356 3889 390 3950 et
413 3885 527 3952 statim
560 3885 596 3950 in
627 3907 771 3950 amorem
794 3885 864 3972 ejus
893 3885 1065 3970 laqueatus
1079 3881 1103 3920 ¹2
1125 3891 1183 3968 est,
1208 3891 1242 3952 et

231 4281 237 4310 ¹
251 4279 418 4348 desponderat]
430 4283 614 4346 sposponderct.
632 4281 700 4332 B.D.
777 4279 920 4348 ruamur]
939 4283 1061 4334 Humbar.
1095 4281 1124 4334 G.

230 4359 400 4424 ²Huadtcad]
420 4361 580 4412 Hundelcnd.
605 4361 636 4412 Β.
775 4359 926 4428 800100001]
944 4363 1078 4414 submersa.
1112 4363 1176 4414 RD.

231 4439 298 4504 ³ad]
318 4441 392 4502 apud.
425 4439 457 4488 Β.
776 4441 961 4508 1100οι011.

231 4517 395 4582 ⁴Locrz'num]
413 4533 462 4568 om.
502 4517 532 4568 B.
779 4519 1109 4586 Ι0000]101001100011οΑ.

233 4595 411 4664 ⁵Notin9tam]
431 4595 601 4660 Notyngham.
635 4595 666 4646 B.
721 4631 745 4658 .‘
778 4601 793 4628 ¹¹
809 4599 963 4652 nstrildain
974 4615 1052 4664 marg.
1065 4599 1099 4650 A.

237 4679 507 4748 rnumuermmag.
521 4681 555 4732 Λ.
722 4659 726 4742 t
779 4679 944 4746 taquam]
963 4679 1116 4746 illaqueatis.
1151 4677 1214 4728 nn.
