3300 5666
203 3623 257 3672 The
267 3623 327 3674 mis·

202 3689 257 3740 sion
266 3691 294 3740 cf
303 3691 338 3742 St.

202 3755 353 3820 Angustiae.

203 3821 270 3872 Ab.
284 3827 339 3876 597.

365 857 429 922 366
668 869 848 924 aurosum
869 869 1116 924 nrsroarrnmr.

402 1045 606 1102 Gurmundus¹
624 1045 753 1116 majorem
771 1049 876 1118 partem
893 1043 991 1106 insulae
1017 1061 1078 1118 quae
1097 1045 1205 1118 Loegria
1223 1049 1336 1102 vocatur
1348 1063 1416 1118 prae-

363 1129 426 1184 buit
452 1129 618 1186 saxonibus,
656 1129 832 1184 Secesserunt
859 1129 951 1202 itaque
971 1129 1118 1206 Britonum
1141 1129 1263 1204 reliquiae
1283 1131 1314 1184 in
1336 1129 1415 1184 Occi·

365 1213 485 1268 dentales
505 1217 603 1286 partes,
629 1211 798 1268 Comubiam
816 1217 903 1286 atque
928 1211 1072 1270 Guallias„
1097 1209 1177 1268 Tunc
1190 1209 1413 1284 archipraesules,

364 1295 491 1352 Thronus
527 1295 726 1352 Londoniensis
756 1301 783 1352 et
814 1297 972 1352 Thadiocus
1004 1297 1192 1364 Eboracenris,
1218 1313 1283 1352 cum
1316 1315 1411 1352 omnes

365 1379 489 1436 ecclesias
512 1379 563 1436 sibi
588 1381 710 1436 subditas
728 1391 816 1454 usque
835 1381 871 1436 ad
889 1381 1008 1436 humum
1027 1381 1176 1438 destructas
1195 1397 1254 1436 esse
1271 1379 1413 1446 vidissent,

365 1481 429 1520 cum
452 1463 580 1520 omnibus
605 1463 735 1520 ordinatis
759 1465 807 1538 qui
832 1465 1023 1536 superfuerant
1047 1465 1077 1520 in
1103 1465 1225 1521 Guallias
1245 1463 1413 1536 diffugerunt

365 1565 429 1604 eum
456 1549 577 1622 reliquiis
609 1547 781 1624 Sanctorum.
818 1547 915 1602 Plures
951 1553 1043 1626 autem
1073 1549 1211 1604 Minorem
1241 1549 1413 1604 Britanniam

365 1649 465 1704 magno
493 1633 603 1702 navigio
628 1631 780 1694 ierunt,ite
800 1635 834 1686 ut
857 1635 916 1686 tota
935 1631 1046 1686 ecclesie
1070 1631 1188 1686 duarum
1211 1631 1414 1702 provinciarum

367 1715 486 1784 Leegrie,
506 1715 614 1778 scilicet,
635 1719 663 1768 et
693 1713 964 1768 Northamhumbriee
988 1733 1005 1768 a
1028 1713 1206 1768 conventibus
1232 1715 1288 1768 suis
1313 1715 1415 1770 desola-

365 1803 447 1852 retur.
484 1797 550 1850 Post
566 1797 672 1852 obitum
691 1795 848 1850 Gnmrundi
866 1795 989 1852 Africani
1003 1797 1125 1852 Saxones
1143 1815 1256 1868 regnare
1274 1805 1414 1870 coeperunt

365 1881 396 1936 in
427 1879 538 1934 diversis
561 1879 636 1944 locis,
668 1879 781 1952 qnidam
810 1881 841 1936 in
874 1899 961 1952 regno
987 1879 1219 1946 Cantuaritarum,
1246 1881 1360 1954 quidam
1385 1883 1415 1936 in

365 1981 448 2034 regno
472 1963 728 2030 Wcst-Saxonum,'
744 1963 858 2036 quidam
889 1967 918 2018 in
943 1983 1028 2036 regno
1055 1965 1229 2030 Marciorum,
1254 1965 1367 2036 quidam
1384 1967 1413 2018 in

365 2065 449 2118 regno
473 2047 798 2114 Northamhnmbrorum,
825 2047 937 2120 quidam
968 2049 998 2102 in
1029 2067 1115 2120 regno
1150 2049 1332 2104 Orientalium
1355 2047 1413 2102 An-

367 2133 483 2202 glorum,
525 2129 637 2204 quidam
671 2131 702 2186 in
733 2149 818 2204 regno
854 2129 1036 2188 Orientalium
1079 2133 1230 2198 Saxonum,
1262 2131 1414 2188 secundum

368 2215 496 2270 Brutum.
535 2213 582 2286 [B.
595 2213 633 2286 a]

412 2309 605 2374 Amiserunt
641 2309 759 2376 deinde
798 2309 951 2378 Britones
986 2311 1081 2396 regni
1111 2309 1263 2378 diadema
1298 2305 1413 2376 multis

368 2413 571 2498 temporibus
595 2417 628 2476 et
654 2411 771 2478 insulae
788 2413 1020 2492 monarchiam,
1045 2435 1104 2478 nec
1135 2413 1310 2498 pristinam
1343 2413 1413 2498 dig-

368 2517 508 2580 nitatem
546 2537 735 2600 recuperare
774 2515 978 2594 nitebantur,
1016 2513 1117 2580 immo
1154 2519 1284 2600 partem
1321 2515 1413 2578 illam
1499 2549 1501 2552 ·
1609 2569 1611 2576 ,

367 2617 484 2704 patriae
518 2639 591 2704 quae
621 2615 668 2682 eis
699 2617 806 2684 adhuc
837 2621 1038 2684 remanserat
1064 2639 1131 2684 non
1162 2617 1221 2680 uni
1253 2619 1323 2704 regi
1356 2617 1413 2682 sed

367 2717 474 2786 tribus
519 2719 619 2786 etiam
667 2719 819 2806 tyrannis
872 2721 1039 2786 subditam
1084 2717 1236 2786 civilibus
1288 2719 1413 2806 proeliis

368 2821 542 2906 saepissime
563 2821 764 2902 vastabant3
788 2823 844 2886 sed
866 2843 925 2888 nee
953 2821 1099 2888 Saxones
1123 2823 1273 2888 diadema
1295 2821 1412 2886 insulae

368 2923 474 2988 adhue
496 2923 608 3010 adepti
639 2929 727 3004 sunt,
752 2925 809 3008 qui
839 2923 948 2988 tribus
979 2925 1081 2988 etiam
1111 2925 1246 3008 regibus
1276 2919 1410 3002 subditi,

368 3027 588 3110 quandoque2
611 3025 675 3090 sibi
705 3027 768 3112 ipsi
804 3027 999 3110 quandoque
1030 3025 1227 3090 Britonibus
1251 3023 1413 3110 inquieta-

368 3129 492 3192 tionem
515 3127 715 3214 ingerebant.
997 3141 999 3146 ’

783 3413 862 3478 dir.
888 3413 1010 3478 LXXI.

415 3605 495 3672 Εο3
533 3611 678 3692 ternpore
716 3603 834 3668 missus
875 3609 924 3668 est
964 3601 1103 3670 Sanctus
1135 3603 1343 3690 Augustinus
1376 3605 1413 3668 iu

369 3707 525 3796 Angliam
557 3729 576 3772 a
609 3707 714 3772 Beato
734 3705 907 3794 ¹Gregorio
940 3727 1027 3792 papa
1059 3707 1094 3770 in
1125 3707 1343 3786 Britanniam,
1373 3709 1411 3770 ut

368 3812 486 3898 Anglis
517 3809 664 3878 Verbum
695 3809 759 3874 Dei
789 3809 993 3896 praedicaret,
1020 3809 1077 3894 qui
1100 3809 1235 3896 Pagana
1258 3807 1413 3894 supersti-

368 3915 459 3980 tione
491 3911 672 3980 excaecati4
696 3913 735 3982 in¹
764 3911 855 3976 illam
887 3911 1003 3976 insulae
1035 3917 1163 3998 partem
1195 3931 1291 3996 quarn
1316 3911 1413 3976 habe·

368 4017 450 4082 bant
489 4019 615 4082 totam
644 4014 834 4080 deleverant
876 4013 1170 4078 Christianitatem.
1232 4013 1275 4076 In
1319 4019 1413 4100 parte

722 4215 1155 4224 --·—·-,...-..-.—--—..·---.-.-...-.—.-.-„-.—--—-
1159 4217 1196 4220 -,.-
1201 4217 1210 4220 ,.
1215 4217 1217 4220 -
1223 4215 1380 4220 --·-----·-·—-.
1386 4217 1391 4222 .
1398 4217 1410 4220 .-

402 4323 462 4374 ¹De
471 4325 555 4388 regnis
575 4325 704 4378 Saxonum
716 4341 791 4390 supra
808 4325 872 4376 libro
938 4323 1136 4388 3Εο]Εοι1ιιιι.
1170 4323 1202 4374 Da
1235 4321 1326 4372 Missio
1355 4325 1412 4372 Au-

370 4409 463 4468 quarto.
485 4403 513 4452 iu
535 4419 613 4470 marg.
631 4405 661 4454 B.
679 4405 707 4454 in
730 4405 798 4456 hand
814 4405 870 4470 (a).
905 4403 1000 4468 gussini
1020 4403 1048 4454 in
1072 4401 1202 4468 angliam.
1220 4401 1248 4450 in
1270 4417 1348 4466 marg.
1379 4403 1410 4454 B.

371 4481 434 4532 This
446 4481 588 4532 shewsthat
599 4481 641 4534 the
654 4483 778 4534 additions
789 4483 817 4532 in
828 4485 870 4534 the
905 4499 972 4532 anno
991 4485 1022 4534 ab
1039 4481 1215 4534 Incarnatione
1230 4481 1335 4532 Domini
1354 4487 1409 4532 592.

369 4561 438 4612 hand
449 4559 492 4624 (β)
505 4577 569 4612 were
580 4563 652 4612 made
662 4561 747 4612 before
758 4561 829 4612 those
845 4563 871 4610 in
905 4565 961 4612 add.
992 4581 1014 4614 a.
1048 4561 1206 4628 Augustinus
1242 4561 1350 4612 mittitur
1385 4565 1412 4612 in

369 4639 514 4704 thahand(
530 4641 550 4706 ),
905 4641 1037 4706 Angliam.
1055 4643 1083 4690 in
1099 4657 1178 4706 marg.
1212 4645 1245 4694 D.

403 4721 574 4786 9ᾳιιιιηιίοιιιι]
596 4721 798 4786 quaudoquoqoe.
815 4721 846 4772 B.
938 4721 1085 4786 *areaatad
1105 4721 1198 4772 cecati.
1234 4723 1298 4772 nl).
1400 4757 1403 4764 ·
