3300 5666
470 849 651 900 nonomen
675 851 923 904 ursroarluuu.
985 857 986 860 ¹
1158 839 1221 906 189

173 1041 311 1096 perperam
334 1027 458 1078 actorum
483 1023 645 1094 asperrimus
671 1029 811 1078 corrector.
862 1023 973 1094 Semper
996 1043 1077 1080 suum
1102 1025 1224 1094 gestabat

173 1109 303 1174 libellum,
319 1107 347 1160 id
366 1113 415 1172 est,
437 1109 607 1174 Psalterium,
623 1111 654 1162 ut
674 1107 822 1178 siquando
840 1111 956 1172 vacaret,
970 1109 1096 1180 arriperet
1114 1115 1140 1162 et
1157 1109 1224 1178 vigi-

172 1193 241 1248 lanti
263 1193 341 1248 oculo
362 1197 532 1262 percurreret.

211 1277 361 1332 Edwardus
399 1295 446 1330 rex
483 1275 581 1332 devicit
618 1295 710 1346 regem
749 1275 915 1340 Scottorum,
946 1279 973 1330 et
1007 1277 1095 1330 factus
1127 1279 1168 1332 est
1202 1277 1225 1330 ei
1240 1283 1369 1328 Eadxvearrl

173 1361 257 1416 homo
279 1361 382 1432 lepius3
402 1365 429 1414 et
445 1361 543 1414 habuit
562 1365 616 1414 tres
635 1361 714 1424 filios,
733 1361 780 1432 qui
800 1361 948 1414 successive
965 1363 1154 1430 regnaverunt,
1177 1361 1226 1412 sci·
1238 1335 1364 1430 ἎἈΞΕθΙὲξΓ·

175 1445 244 1510 licet,
275 1445 465 1508 Edelstanum,
496 1443 687 1508 Edmundum‚
718 1451 744 1498 et
775 1445 939 1498 Eadredum.
990 1445 1045 1498 Iste
1076 1445 1225 1500 Edwardus

174 1547 291 1600 regnum
314 1527 443 1592 obtinuit,
469 1527 620 1582 secundum
645 1527 823 1580 Willielrnum
843 1527 1122 1592 Malmesburiensem‚
1153 1545 1225 1580 anno

177 1613 289 1666 Domini
310 1629 413 1666 ccccc.
432 1613 519 1682 primo
537 1617 565 1666 et
581 1611 707 1682 regnavit
725 1627 819 1666 xuni.
858 1611 1009 1664 Litorarum
1028 1609 1138 1664 scientia
1156 1613 1225 1664 mul-

174 1701 236 1750 tum
260 1701 335 1766 patre
353 1695 470 1760 inferior,
493 1695 540 1750 sed
557 1697 634 1766 regni
658 1699 791 1766 potestate
814 1693 1059 1766 incomparabiliter
1077 1695 1225 1766 gloriosior.

177 1781 231 1844 Iste
251 1779 305 1834 duo
317 1799 408 1850 regna,
423 1781 522 1834 scilicet
539 1779 704 1834 Merciorum
719 1783 745 1832 et
761 1779 975 1834 Westsaxouum
991 1777 1140 1850 conjunxit,
1154 1779 1225 1832 Mer-

176 1865 279 1916 ciorum
300 1865 520 1928 nominetenus,
541 1863 749 1918 commendatus
770 1861 832 1916 duci
854 1863 982 1918 Ethredo
1021 1863 1144 1928 Marcios,
1166 1863 1226 1916 Ori-

176 1949 278 2002 entales
301 1953 327 2002 ct
353 1947 541 2000 Occidentales
566 1947 681 2018 Anglos,
706 1953 732 2000 ct
757 1945 960 2002 Nortlrunrbros
982 1947 1027 2020 qui
1053 1965 1115 2000 oum
1139 1949 1225 2000 Danis

172 2029 230 2100 jam
252 2029 304 2102 [io]
327 2051 413 2086 uuam
431 2037 542 2100 gentem
562 2033 726 2094 coaluerant,
749 2035 775 2084 et
797 2031 906 2084 Scottus
926 2029 972 2102 qui
994 2031 1028 2086 ad
1046 2029 1225 2102 Aquilcnares

176 2119 265 2184 partes
288 2115 452 2180 inhabitant,
474 2119 501 2168 et
521 2115 645 2170 Britones
668 2133 737 2186 qraos
757 2131 807 2168 nos
827 2113 979 2168 Wallenses
1001 2113 1123 2180 dicimus,
1148 2115 1225 2168 bellis

176 2197 333 2270 profugatos
347 2217 403 2252 sum
417 2197 514 2252 ditioni
533 2199 649 2270 subegit,
666 2217 716 2252 uec
733 2217 858 2270 uuquam
872 2199 903 2252 in
920 2199 1011 2270 aliqua
1028 2215 1122 2270 pugna
1136 2197 1225 2252 humi-

175 2281 270 2336 liorem
288 2301 401 2336 manum
421 2281 525 2336 habuit.
572 2285 627 2338 lste
648 2301 712 2336 cum
737 2283 823 2336 Danis
846 2301 916 2354 saepe
936 2283 1111 2354 congrediens
1132 2283 1225 2336 multis

176 2383 270 2420 eorum
290 2367 383 2420 occisis
403 2371 511 2420 caeteros
533 2385 627 2422 omnes
650 2371 697 2420 aut
717 2383 834 2438 arogno
855 2367 960 2438 expulit
980 2369 1027 2420 aut
1044 2367 1073 2420 in
1095 2365 1226 2420 ditionem

176 2451 301 2520 suscepit,
321 2451 498 2522 regnavitque
520 2467 600 2520 super
619 2469 712 2504 omnes
734 2467 820 2522 usque
840 2449 875 2504 ad
895 2451 1061 2504 Humbrum.

213 2533 389 2588 Ethelstanus
410 2551 464 2598 rer,
486 2533 638 2588 secundum
659 2533 839 2588 Willielmum
859 2533 1135 2598 Malmesburiensem,
1159 2533 1226 2588 libro
1238 2539 1380 2582 Aethclstan.

177 2615 303 2682 secundo,
324 2617 459 2688 gloriosus
478 2623 525 2670 rex
549 2615 658 2688 Angliae
683 2617 737 2672 fuit
761 2621 788 2672 et
812 2635 884 2672 anno
905 2617 1016 2672 Domini
1039 2633 1223 2672 cccccxxrv.
1238 2591 1347 2636 AD‘924‘

176 2719 286 2772 regnare
302 2701 384 2770 erepit
400 2705 426 2756 et
442 2701 565 2770 regnavit
581 2701 661 2754 antris
675 2717 750 2766 xva,
763 2701 833 2756 nihil
846 2701 965 2772 ignobile
981 2701 1093 2756 habeus.
1122 2701 1225 2756 Omnes

178 2789 356 2840 antecessores
380 2783 521 2840 devotione
545 2789 572 2838 et
599 2783 802 2856 triumphorum
826 2801 939 2840 sucrum
962 2783 1101 2854 splendore
1129 2787 1226 2840 obscu-

177 2869 255 2924 ravit.
292 2867 366 2922 Huic
376 2867 543 2922 Adhelstano
559 2867 698 2922 lisiardus
707 2887 753 2922 rex
767 2867 930 2922 Noricorum
942 2869 1016 2922 misit
1027 2887 1125 2924 navem
1139 2875 1227 2924 rostra

179 2969 259 3008 aurea
282 2955 309 3006 et
331 2951 421 3006 velum
442 2969 608 3022 purpureum
628 2951 783 3014 habentem,
803 2951 887 3006 densa
910 2951 1047 3006 testudine
1071 2941 1225 3022 clypeorum

179 3041 206 3092 ct
230 3053 372 3090 aurcorum
406 3037 480 3090 intus
506 3035 732 3106 circumgyratam
767 3041 794 3090 et
818 3035 851 3090 de
883 3035 941 3090 aliis
967 3035 1043 3090 donis
1068 3035 1128 3092 vide
1154 3037 1225 3090 infra

180 3119 249 3174 libro
264 3119 367 3190 quinto,

216 3203 240 3254 ll
245 3203 269 3256 ic
287 3203 462 3256 Ethelstauus
477 3203 670 3268 Guthfredum,
683 3221 774 3272 regern
786 3203 1101 3270 Northamhimbrorum‚
1114 3221 1224 3272 arogno

179 3287 284 3356 expulit
291 3309 300 3350 ;
324 3291 351 3340 ct
375 3303 445 3344 anne
470 3287 585 3338 Domini
608 3287 897 3340 ncccoxxv1.tctius
916 3287 1023 3356 Angliae
1040 3287 1226 3342 monarchiam

179 3371 306 3440 suscepit,
319 3371 393 3424 solus
405 3373 432 3424 et
448 3367 550 3440 absque
560 3371 789 3434 contradictione3
805 3369 880 3440 quod
892 3371 1020 3424 Alfredus
1033 3375 1059 3424 et
1076 3371 1225 3424 Edwardus

179 3457 288 3524 propter
309 3455 453 3508 Danorum
473 3453 628 3508 invasiones
648 3453 715 3506 ferre
734 3471 792 3506 uou
812 3453 948 3508 valebant.
986 3455 1048 3524 Ipse
1070 3453 1226 3508 Constanti-

179 3555 247 3592 num
270 3557 360 3608 regem
386 3537 485 3592 Scotiee
508 3555 593 3608 regno
617 3537 708 3590 cedere
733 3537 874 3608 compulit,
902 3555 983 3608 quem
1005 3541 1100 3610 postea
1122 3539 1173 3592 sub
1199 3557 1226 3592 se

179 3639 289 3692 regnare
310 3621 430 3692 permisit
451 3621 557 3676 diceus:
590 3619 740 3676 Gloriosius
760 3623 801 3674 est
818 3639 910 3692 regem
929 3621 1014 3676 facere
1035 3637 1117 3692 quam
1136 3639 1227 3692 regem

179 3725 245 3762 esse.
531 3719 533 3722 ·

217 3789 272 3844 Iste
294 3789 460 3842 Adelstauus
484 3791 572 3842 multa
602 3789 675 3842 bona
703 3787 819 3842 ecclesiis
853 3787 933 3842 avido
956 3805 1031 3842 more
1053 3789 1176 3852 contulit,
1201 3793 1227 3842 ct

146 3885 147 3888 ’
182 3875 296 3928 ecclesiae
318 3873 491 3930 Batoniensis
509 3875 662 3944 praecipuus
682 3869 836 3926 benefactor
856 3871 953 3926 extitit.
999 3869 1100 3926 Hicin
1119 3871 1227 3926 ecclesia

182 3957 417 4014 Malmesburiensi
440 3957 589 4030 requiescit.
627 3955 719 4028 Hujus
740 3955 882 4012 Adclstani
906 3959 1027 4026 tempore
1048 3959 1167 4010 remotus
1187 3961 1227 4010 est

183 4043 354 4096 Duustanus.
403 4041 459 4096 iste
488 4041 666 4098 Athelstanus
691 4041 782 4096 cedere
811 4041 942 4112 compulit
971 4037 1169 4094 Gomubienses
1193 4041 1227 4094 ab

184 4127 328 4190 Excestria,
353 4127 429 4178 aliter
450 4127 565 4190 Exouia,
587 4143 671 4198 quam
700 4125 735 4180 ad
757 4123 785 4178 id
808 4125 937 4196 temporis
956 4123 1026 4196 aequi
1049 4141 1112 4180 cunr
1128 4123 1227 4194 Anglis

185 4211 246 4262 viris
271 4201 487 4264 inhabitabant.v
515 4209 672 4264 Terminurn
704 4209 849 4280 provinciae
879 4227 936 4264 suae
968 4209 1032 4262 citra
1067 4207 1226 4262 Sabrinam¹

185 4289 300 4346 fluvium
329 4295 507 4358 constituens,
529 4293 599 4348 sicut
621 4293 806 4348 Wallensibus
837 4311 948 4348 amnem
967 4291 1074 4348 Waianr
1092 4297 1227 4364 posuerat.

185 4375 329 4432 Civitatem
352 4377 508 4448 predictam
525 4379 645 4432 turribus
666 4377 831 4436 immunivit.
870 4377 903 4434 B.
914 4395 936 4436 a,

500 4753 507 4782 ¹
523 4751 666 4826 Sabrinam]
687 4769 750 4806 corr.
769 4757 913 4808 'sambram
