3300 5666
380 819 445 886 350
675 835 856 886 nuooerun
878 833 1124 888 nrsrosrsnuu.

1577 923 1594 966 a

212 1009 338 1064 Thonis·
377 1013 498 1078 affectu
512 1011 681 1078 semiviros
703 1005 774 1078 illos
791 1013 1066 1078 elaboraverimus
1090 1013 1280 1100 opprimere.
1313 1011 1423 1094 Quan-

210 1079 309 1210 ifflf
377 1119 429 1180 tos
459 1115 597 1182 honores
628 1115 763 1202 quisque
794 1115 960 1180 vestruml
986 1115 1167 1202 possidebit
1196 1119 1225 1182 si
1254 1115 1422 1184 voluntati

210 1213 315 1264 Anam.
375 1241 457 1284 rnece
479 1223 579 1304 atque
602 1219 771 1304 praeceptis
797 1221 879 1286 meis
903 1223 943 1286 ut
966 1219 1079 1284 fideles
1104 1217 1343 1286 commilitones
1366 1221 1422 1286 ad-

376 1323 576 1406 quieveritis.
622 1321 813 1410 subjugatis
845 1323 937 1388 enirn
975 1323 1055 1410 ipsis
1087 1323 1244 1388 continuo
1282 1323 1421 1390 Romam

374 1427 503 1512 petetis,
534 1427 674 1512 petitam
711 1425 898 1514 capiemus,2
929 1429 1059 1514 captam
1103 1425 1366 1514 possidebimus,S
1389 1431 1422 1492 et

375 1529 420 1594 110
463 1551 588 1608 aurum,
632 1533 814 1616 argenium,
846 1529 981 1616 palatia,
1022 1535 1136 1610 terras,
1169 1529 1298 1616 oppida,
1343 1529 1421 1596 civi-

374 1637 470 1712 tates,
494 1637 529 1698 ct
558 1637 690 1698 caeteras
721 1631 885 1696 victorum
917 1631 1053 1712 divitias
1082 1633 1257 1698 habebitis.
1302 1633 1421 1698 Adhuc

374 1741 485 1800 autern
515 1735 586 1820 ipso
616 1733 697 1798 talia
728 1733 883 1820 loquente
914 1757 1026 1798 omnes
1051 1755 1119 1798 uno
1149 1735 1287 1800 clamore
1313 1757 1421 1800 assen-

371 1837 471 1916 tiunt,
496 1835 604 1922 parati
625 1841 765 1902 mortem
784 1835 876 1922 prius
899 1837 1042 1924 recipere
1066 1859 1166 1924 quam
1187 1837 1322 1904 vivente
1349 1839 1420 1926 ipso

371 1961 522 2026 campum
545 1939 728 2024 relinquere
751 1937 915 2024 firgiendo.

413 2043 462 2108 At
489 2043 611 2108 Lucius
638 2043 814 2128 imperator
839 2037 1040 2128 comperiens
1064 2043 1199 2108 insidias
1229 2041 1260 2106 ei
1289 2047 1420 2128 paratas

354 2141 476 2210 'noluit
507 2151 546 2210 ut
575 2145 786 2210 affectaverat
811 2145 976 2230 diffugere,
1008 2145 1065 2210 sed
1094 2147 1248 2210 revocata
1284 2145 1420 2210 audacia

368 2249 454 2334 ipsos
480 2249 516 2312 in
544 2247 681 2312 eandem
704 2247 847 2312 uallem4
862 2249 1014 2312 aditurus
1038 2247 1134 2314 duces
1159 2269 1233 2312 suos
1252 2251 1418 2326 convocat,

368 2357 467 2436 atque
497 2351 549 2416 his
575 2349 685 2416 verbis
714 2351 757 2416 ad
783 2371 858 2416 suos
888 2351 1047 2418 allocutus
1077 2357 1146 2416 est:
1179 2347 1294 2416 Patres
1321 2371 1418 2416 vene·
1493 2437 1494 2440 Ἴ

367 2455 471 2534 randi,
510 2477 648 2540 quorum
685 2453 822 2540 irnperio
851 2459 886 2520 et
918 2453 1098 2520 Orientalia
1132 2457 1167 2518 et
1197 2453 1419 2520 Occidentalis

367 2579 469 2642 regna
491 2555 609 2642 subjici
624 2555 786 2636 deberent,
810 2561 960 2622 veterum
983 2553 1168 2622 nostrorum
1190 2577 1348 2622 memores
1371 2579 1418 2622 es-

367 2663 447 2740 tote,
485 2661 542 2744 qui
578 2663 619 2724 ut
656 2659 859 2726 adversarios
895 2661 1083 2746 reipublicae
1116 2665 1308 2746 superarent
1351 2681 1418 2724 non

368 2763 589 2828 abhorrebant
611 2763 775 2828 estundere
801 2765 996 2850 sanguinem
1018 2785 1123 2840 suum,
1148 2763 1206 2828 sed
1232 2763 1416 2850 exemplum

368 2865 545 2952 probitatis
567 2871 600 2940 et
630 2865 759 2930 militiae
783 2867 923 2952 posteris
938 2865 1004 2930 suis
1028 2867 1259 2952 relinquentes,
1282 2867 1331 2930 ita
1358 2861 1418 2930 ut⁵

368 2969 579 3032 decertabant
601 2989 639 3032 ao
662 2969 691 3032 si
715 2967 752 3032 in
776 2969 893 3054 proelio
909 2969 1008 3060 'Deus
1031 2989 1099 3032 non
1120 2963 1340 3052 providisset6
1364 2987 1418 3032 eos

368 3071 552 3134 morituros.
597 3071 859 3154 Triumphabant
879 3071 984 3156 igitur
998 3071 1118 3156 seepius
1133 3075 1167 3134 et
1181 3069 1416 3156 triumphando

368 3179 507 3238 mo1te1n
538 3173 731 3252 evadebant,
764 3173 841 3258 quia
875 3173 958 3236 nulli
989 3171 1055 3236 alia
1091 3177 1185 3238 erant
1215 3177 1416 3258 proventura
1443 3233 1444 3236 ,

368 3297 466 3362 quam
489 3297 531 3340 ex
554 3275 762 3362 providentia
776 3275 840 3340 Dei
862 3275 1176 3340 condescendebant.
1222 3275 1417 3362 Augebatur

368 3377 552 3464 respublica
572 3383 605 3442 et
620 3377 717 3464 'quod
744 3377 939 3458 honestatis,
962 3377 1050 3464 quod
1073 3377 1237 3464 largitatis
1260 3379 1296 3442 in
1322 3397 1417 3464 gene-

366 3481 449 3546 rosis
471 3499 539 3548 esse
558 3479 691 3558 solebat,
708 3479 807 3546 ineis
823 3479 948 3546 diutius
965 3483 1089 3568 vigens,
1112 3481 1198 3566 ipsos
1214 3485 1248 3546 et
1271 3483 1415 3568 ipsorum

369 3587 515 3668 posteros
545 3585 581 3648 in
612 3583 793 3648 dominium
831 3583 935 3648 totius
965 3583 1053 3648 orbis
1091 3581 1314 3670 promovebat.
1376 3581 1416 3648 Id

371 3707 448 3770 ergo
470 3687 507 3750 in
528 3685 623 3750 vobis
646 3687 788 3750 excitare
812 3683 1008 3764 desiderans,
1041 3683 1155 3750 hortor
1177 3703 1236 3750 vos
1259 3689 1299 3750 ut
1325 3685 1416 3752 habi·
1436 3717 1437 3720 ¹

371 3795 441 3866 tam
470 3787 653 3854 bonitatem
680 3785 889 3864 desiderans⁷
918 3789 1078 3854 revocetis
1108 3791 1207 3874 atque
1237 3789 1281 3852 in
1302 3789 1416 3852 eadem

371 3895 555 3978 perstantes
584 3895 617 3956 et
647 3889 796 3956 inimices
829 3889 979 3956 nostros8
1011 3893 1048 3954 in
1082 3891 1169 3956 valle
1203 3913 1268 3974 qua
1301 3887 1417 3957 vobis⁹

369 3993 570 4058 insidiantur
596 3997 744 4078 petentes
775 3991 864 4076 quod
885 3997 1035 4058 nostrum
1058 3997 1107 4058 est
1130 3993 1171 4058 ab
1195 3993 1261 4058 illis
1288 3993 1417 4080 exigere

371 4095 585 4158 contendatis.
633 4093 684 4158 Ne
697 4091 722 4130 ¹⁰
752 4093 948 4160 existimetis
978 4087 1030 4158 nie
1060 4093 1148 4158 infra
1175 4095 1267 4158 illam
1280 4091 1302 4128 ¹¹
1340 4095 1417 4160 civi-

427 4255 1371 4262 .-.....-..-.......-,..-.·....-...........-.-...-,fflssm-ffl-—dm-——ss-‚—„ffliffl—mffl,
1396 4255 1398 4258 .

404 4343 623 4410 ι1111111110]111111.
657 4343 688 4394 B.
741 4403 743 4406 ¹
947 4343 1303 4410 ὕ1110111111111]111111111111111.
1338 4345 1368 4394 B.

402 4423 690 4488 21011111111]1111110111.
723 4421 788 4472 B.D.
947 4421 1119 4488 ⁷desiderans]
1140 4439 1187 4472 om.
1222 4421 1287 4472 B.D.
1356 4439 1357 4442 ¹

365 4551 366 4554 ,
402 4499 604 4566 ³possidetimus]
624 4501 787 4564 possidebitis.
806 4501 870 4554 B.D.
948 4501 1073 4566 ⁸nostros]
1093 4503 1159 4550 rios.
1193 4501 1224 4550 B.

402 4581 411 4610 ⁴
422 4579 518 4628 eaodem
529 4577 625 4644 vollem]
644 4581 730 4628 eadem
740 4579 811 4630 velle.
840 4579 870 4628 B.
947 4583 956 4610 ⁰
967 4579 1045 4646 votis]
1064 4579 1144 4628 nobis.
1178 4579 1241 4630 B.D.
1252 4599 1255 4610 .

947 4657 1029 4724 ¹⁰Ne]
1049 4661 1110 4710 Nec.
1143 4659 1209 4710 B.D.

370 4661 528 4802 1).5111]0111.
563 4737 628 4788 Bu).
885 4795 886 4800 η
947 4735 1156 4806 111’110011]1111111.
1182 4739 1216 4788 D.
