3300 5666
518 857 700 912 EULOGIUM
722 857 969 920 HISTORIARUM.
1223 849 1266 922 97

48 1013 70 1040 ⁷
116 1083 117 1086 η
218 1035 336 1100 lierum
360 1031 400 1098 de
433 1031 652 1100 fornicatione
683 1031 879 1118 increpavit.
926 1031 990 1098 Illa
1028 1035 1199 1120 respondit
1229 1057 1263 1100 se
1276 1055 1427 1110 OfSiohem.

97 1333 109 1352 ⁸
213 1367 272 1408 vrr.

215 1137 324 1202 virum
347 1157 415 1202 non
448 1133 578 1200 habere.
626 1133 672 1198 Et
694 1133 770 1216 iile:
803 1133 919 1212 Amen,
945 1135 1017 1200 dico
1040 1135 1103 1200 tibi
1136 1141 1260 1222 septem

213 1241 301 1304 viros
323 1237 481 1318 habuisti,
497 1241 531 1302 et
554 1237 648 1302 illum
665 1259 762 1322 quern
786 1259 875 1304 nuno
897 1235 996 1304 hahes
1019 1259 1086 1304 non
1111 1243 1161 1304 est
1184 1243 1260 1304 tuus

602 1667 681 1734 Osa.
701 1665 856 1732 OXXVI.

580 1853 630 1920 Do
656 1853 868 1920 honorans

246 2047 456 2112 ΤΑΒΒΟΤΑΝΑ
478 2051 528 2112 est
549 2045 659 2112 insula
683 2045 789 2114 Indiae
811 2047 918 2114 latens
941 2049 984 2114 ad
1007 2045 1180 2126 Austrum,
1205 2071 1247 2114 ex
1261 2067 1401 2120 Ofthels-

201 2171 265 2236 quo
293 2149 443 2216 Oceanus
475 2149 609 2216 indicus
650 2149 788 2238 incipit3
827 2155 921 2238 patet
959 2153 996 2216 in
1034 2135 1403 2268 longiiUdineiiiriiane

200 2253 400 2338 octingentis
430 2267 531 2318 Lxxv.
548 2253 682 2318 milibus
709 2273 875 2340 passuum,
900 2255 937 2318 in
962 2253 1141 2318 latitudine
1165 2275 1245 2318 vero
1371 2291 1372 2294 =
1405 2241 1410 2256 ’

197 2373 325 2420 uxxxv.
351 2355 441 2420 milia
464 2355 653 2420 stadiorum.
696 2355 869 2421 Scinditur
891 2359 1003 2422 autem
1027 2355 1141 2436 amnis,
1170 2359 1243 2442 tota

195 2459 321 2546 repieta
350 2459 540 2546 margaritis
570 2463 604 2522 et
639 2459 778 2546 gemmis
790 2483 798 2538 3
829 2481 904 2546 pars
932 2459 1002 2544 ejus
1028 2457 1150 2536 bestiis,
1179 2459 1242 2524 eie·

89 2579 92 2586 ⁴
194 2561 372 2648 phantibus
404 2565 453 2626 est
492 2561 624 2646 repleta,
660 2565 789 2648 partem
820 2583 897 2628 vero
926 2561 1075 2646 homines
1115 2565 1238 2626 tenent.

194 2663 236 2730 Iu
266 2663 327 2728 hac
357 2663 466 2728 insula
493 2663 608 2728 dicunt
632 2663 768 2748 quidam
801 2665 881 2728 duas
905 2667 1037 2728 aestates
1068 2665 1101 2726 et
1132 2663 1237 2726 duos²

192 2767 326 2852 hyemes
359 2765 396 2828 in
426 2787 493 2830 uno
533 2765 602 2830 fore
632 2769 719 2830 anno
761 2771 795 2832 et
836 2765 887 2830 bis
917 2763 1053 2832 floribus
1094 2767 1233 2830 vernari.

191 2867 304 2932 Insula
329 2867 388 2930 illa
415 2867 505 2932 omui
531 2867 617 2932 viret
644 2873 799 2954 tempore,
824 2871 858 2932 et
888 2867 966 2930 folia
1001 2867 1111 2930 omnia
1145 2867 1234 2932 omni

189 2973 334 3058 tempore
359 2975 438 3034 sunt
453 2969 596 3036 virentia
613 2975 648 3036 et
672 2993 840 3056 nunquam
869 2969 998 3034 cadunt.
1042 2967 1137 3034 Hco³
1154 2969 1233 3036 Oro-

188 3071 264 3164 sius,

569 3391 651 3460 One.
668 3391 841 3460 CXXVII.

459 3583 510 3650 De
534 3581 760 3650 Trocouito'da
783 3581 941 3666 Raptoua.

220 3771 331 3842 Ruslo
361 3771 582 3842 Traoonitida'
603 3779 654 3842 est
683 3775 721 3840 in
752 3775 860 3854 India,
898 3775 950 3842 cui
979 3775 1116 3862 praefuit
1141 3775 1218 3840 Phi·
1233 3775 1386 3854 cftrraoho-

145 3931 146 3934 ,
173 3881 281 3968 lippus
306 3879 408 3946 frater
435 3879 586 3948 Herodis.
634 3879 756 3944 Totum
783 3875 893 3944 enim⁴
914 3899 1052 3964 regnum
1084 3851 1297 3944 Hebrae-mns'

173 4003 264 4046 orum
295 3983 439 4048 divism
477 3981 542 4046 fuit
572 3983 620 4048 in
660 3985 803 4070 quatuor
842 3979 1046 4060 tetrarchias,
1078 4003 1217 4066 quarum

36 4093 39 4118 ¹¹
76 4067 77 4070 ¹
171 4083 276 4170 prima
301 4085 368 4150 fuit
398 4083 534 4150 Galilaea
564 4105 639 4172 quae
668 4085 732 4148 fuit
771 4083 917 4148 Herodis
962 4085 1112 4148 tetracha
1124 4107 1131 4164 3
1169 4107 1214 4150 se·

170 4187 274 4252 cunda
314 4191 350 4252 et
383 4187 485 4252 tertia
520 4185 612 4252 fuit⁵
639 4187 805 4274 Myrrhaea
837 4191 870 4252 et
892 4175 1111 4254 ¹Traconitida
1142 4187 1215 4254 cni⁶

168 4289 298 4374 praefuit
321 4289 502 4376 Philippus,
520 4289 851 4380 utriusqneregionis
869 4291 1033 4358 tetrarcha
1052 4293 1212 4370 existens;

195 4617 202 4646 ¹
219 4617 372 4684 Tetrotuuo]
388 4585 421 4668 or
432 4617 587 4682 Taprobane.
744 4617 839 4682 ⁴euim]
857 4625 948 4668 autem
965 4617 1029 4670 RD.

193 4697 285 4762 2ιίιιοε]
302 4711 367 4748 corr.
383 4699 453 4748 duas.
743 4697 753 4724 ⁵
758 4697 827 4762 suit]
845 4697 954 4748 fuerunt.
989 4697 1055 4748 B.D.

193 4775 279 4842 ⁹Hoc]
298 4775 372 4828 Haec.
404 4775 435 4826 Β.
740 4775 813 4840 “eutJ
832 4791 897 4828 corr.
909 4777 1007 4844 quibus·

247 4871 321 4920 VOL.
340 4871 375 4918 11.
1048 4873 1071 4920 G
