3300 5666
377 833 443 896 252
666 849 850 902 succorum
878 851 1126 902 msromrnuu.

377 1021 464 1088 betis
500 1027 534 1088 et
564 1023 606 1088 od
639 1021 772 1088 modum
803 1023 938 1090 hunroni
968 1023 1099 1088 femoris
1130 1023 1248 1110 grossis
1280 1023 1417 1088 subtus¹

377 1149 505 1192 emnem
528 1125 641 1190 infixit
662 1131 700 1192 ut
731 1147 834 1194 noves
859 1127 944 1192 JuIii
975 1127 1239 1214 supervenientes
1262 1147 1420 1212 emerger-

377 1229 495 1294 entur.²
542 1229 686 1294 OolIeoto
701 1229 802 1294 etium
816 1235 889 1294 totu
898 1229 1073 1316 juventute
1088 1229 1204 1294 insulse
1219 1229 1419 1294 mensionem

371 1331 471 1418 juxta
493 1329 681 1394 maritime8
704 1331 788 1410 fecit,
814 1331 993 1396 adventum
1016 1329 1158 1394 hostium
1181 1333 1365 1416 expectens.

208 1423 348 1544 ffiffiis
420 1433 531 1498 Julius
554 1455 631 1498 vcro
653 1433 777 1520 puratis
800 1433 942 1520 navigiis
965 1433 1173 1496 Britanniam
1196 1433 1287 1498 odiit.
1334 1433 1421 1496 Nam

208 1557 265 1608 fleet
276 1559 356 1610 inthe
376 1537 456 1600 dum
489 1557 546 1620 per
581 1531 792 1598 Tumensem⁴
824 1533 1014 1620 praediotom
1047 1533 1215 1618 civitatem
1250 1535 1420 1620 appeleret

209 1623 325 1678 Trauos.
375 1661 477 1704 neves
499 1637 663 1722 praedictis
686 1637 768 1722 polis
791 1635 899 1700 effinse
922 1637 1031 1700 subito
1055 1641 1251 1700 eormerunt.

422 1739 569 1822 Cumque
591 1739 627 1802 id
651 1737 772 1802 Oaesori
796 1745 998 1824 compertum
1022 1737 1130 1802 esset⁵
1161 1739 1245 1802 velis
1278 1739 1423 1802 maximo

374 1845 411 1908 vi
432 1841 564 1906 retortis
587 1841 630 1904 od
652 1845 773 1904 terrem
795 1845 960 1906 revertere
983 1841 1155 1904 festinemt
1167 1863 1175 1920 3
1198 1861 1335 1926 quorum
1358 1841 1424 1904 rui-

208 1961 352 2014 Oassihalan
373 1967 453 2010 nom
491 1941 682 2008 Cossibolen
719 1943 879 2030 aspiciens
914 1943 1005 2008 ultro
1041 1943 1176 2008 modum
1204 1941 1336 2008 laetotus
1367 1949 1425 2008 est.

206 2031 357 2150 ffiggsfhi
376 2049 465 2114 Doto
511 2045 672 2116 militibus
718 2045 784 2112 suis
822 2045 915 2132 signo
962 2045 1122 2132 impetum
1172 2045 1351 2112 monimum
1388 2045 1425 2110 in

377 2153 540 2216 Romanos
563 2147 661 2228 seoit;
692 2153 727 2214 at
751 2149 893 2214 Romani
914 2149 1059 2216 viriliter
1076 2149 1287 2228 resistentes,
1312 2155 1346 2216 et
1369 2173 1425 2216 ou-

375 2255 502 2318 dooium
539 2273 598 2338 pro
635 2275 729 2318 muro
767 2253 933 2330 habentes
968 2257 1113 2340 stragem
1150 2273 1218 2316 non
1255 2251 1427 2318 minimum

206 2373 263 2424 The
374 2357 589 2444 ingesserunt.
637 2353 813 2420 Britonum
840 2375 920 2420 vero
935 2377 1011 2442 pers
1034 2375 1162 2442 semper
1184 2355 1427 2440 augmentando

205 2441 362 2562 {ittam
376 2457 514 2524 uum
536 2453 716 2542 potiuntur.

311 2527 348 2562 us.

779 2793 858 2860 Onr.
884 2795 1020 2860 XXIII.

422 3001 580 3064 Dnvmro
605 2997 734 3066 Cessare
758 3021 831 3062 curu
854 2999 966 3086 paucis
989 2999 1032 3062 ad
1055 3019 1155 3064 nores
1179 2997 1322 3084 diffugio.
1370 2995 1428 3062 In-

377 3103 542 3168 stantibus
575 3101 685 3166 ventis
717 3101 915 3166 voluntariis
950 3101 1024 3166 velo
1057 3101 1172 3182 erexit,
1195 3101 1273 3164 IItus
1307 3101 1428 3166 Morie-

376 3227 494 3270 norum
519 3203 646 3290 potirit,
663 3203 781 3268 turrim
797 3225 897 3290 quom
910 3201 1019 3290 prius6
1042 3209 1278 3282 construxerat,
1295 3207 1430 3290 propter

377 3313 504 3374 metum
542 3307 753 3386 Francorum,
785 3329 827 3372 ne
866 3311 900 3372 et
931 3305 996 3394 ipsi
1033 3305 1070 3370 in
1107 3329 1182 3372 eum
1213 3307 1428 3394 insurgerent,

378 3409 527 3476 introvit.

214 3521 338 3604 Triumpp
428 3513 697 3580 Gessiboliounus
741 3513 883 3580 seeundo
920 3511 1087 3600 triumpho
1133 3513 1266 3602 potitus,
1311 3515 1431 3602 gaudio

215 3589 336 3708 ζᾎξξεεῑ·
382 3637 501 3704 magno
524 3617 707 3682 fluctuavit.
752 3615 871 3682 Edixit
893 3621 931 3682 ut
954 3639 1066 3682 omnes
1082 3615 1265 3684 Britanniae
1286 3639 1433 3704 proceres

383 3717 457 3788 cum
479 3719 639 3786 uxoribus
662 3719 729 3786 suis
752 3719 973 3800 convenirent,
998 3725 1032 3784 et
1059 3719 1146 3806 quod
1169 3721 1297 3786 debitus
1319 3721 1434 3786 solem·

383 3817 504 3890 nitates
534 3823 650 3912 patriis
679 3823 741 3890 diis
772 3821 996 3902 celebrarent,7
1025 3821 1083 3908 qui
1105 3821 1277 3888 victoriam
1307 3823 1370 3888 sibi
1393 3823 1433 3890 de

383 3933 479 3992 tauto
508 3927 705 4014 imperatore
734 3931 966 3996 concesserunt.
1014 3925 1161 4012 Cumque
1199 3947 1310 3992 omnes
1346 3931 1434 4012 post

383 4031 492 4116 posite
529 4051 620 4094 moro
662 4031 880 4106 advenissent,
915 4029 1047 4122 diverse
1085 4027 1242 4094 sacrificio
1279 4029 1434 4094 facientes

383 4131 537 4196 occisioni
566 4133 727 4218 pecudum
749 4131 964 4198 indulserunt.
1011 4127 1140 4196 PorotIs
1169 4129 1334 4196 sacrificiis
1363 4153 1434 4196 mu-

419 4441 425 4472 ¹
437 4441 535 4508 subtus]
555 4411 624 4496 subi.
655 4443 685 4494 B.
966 4445 1060 4514 5οεεθί]
1080 4453 1125 4500 est.
1159 4445 1190 4500 B.

418 4523 624 4588 2ωηενρενεηιιιν]
671 4523 888 4588 Immergerentur.
968 4529 1071 4594 ⁶priur]
1102 4529 1162 4594 ipse.
1192 4543 1278 4592 procur.
1312 4527 1343 4578 B.
1377 4527 1433 4580 adds

386 4601 414 4652 Β.
449 4607 626 4666 mergerentur.
660 4601 714 4666 D„
932 4609 966 4658 D,
1187 4609 1188 4612 ’

419 4681 574 4746 ³murirz'mo]
594 4679 753 4734 maritimam.
786 4681 820 4734 D·
965 4687 1145 4754 Icelebrarent]
1165 4689 1219 4742 The
1232 4685 1252 4740 Ie
1263 4685 1397 4738 interlined
1408 4683 1435 4738 in

419 4761 595 4834 ‘Torrentem
614 4759 790 4812 Thomeusem.
824 4755 858 4814 D.
931 4769 966 4820 Α,
1128 4761 1131 4766 ’
