3300 5666
295 827 357 890 188
593 839 774 890 aurosum
796 839 1041 890 rnsroamnuu.

125 1021 245 1066 Aetnen.
328 1011 454 1068 Alfredus
473 1031 519 1068 rex
538 1013 582 1068 bic
606 1013 855 1070 Clrristianissimus
876 1031 924 1086 pro
944 1015 1022 1068 nulla
1039 1031 1068 1070 re
1086 1013 1173 1070 voluit
1190 1013 1260 1068 exire
1277 1019 1340 1068 ante

125 1073 174 1116 ab
176 1105 180 1118 '
188 1077 233 1120 871.
292 1097 375 1152 finem
386 1097 492 1164 missm3
512 1085 723 1170 undo'quadam
744 1097 787 1152 die
805 1097 873 1152 dum
894 1097 1035 1152 Danenses
1055 1097 1211 1152 infestarent
1223 1115 1294 1162 eum,
1315 1103 1341 1150 et

292 1181 348 1252 ipse
369 1181 456 1238 noluit
477 1181 546 1238 exire
572 1187 635 1236 ante
656 1183 777 1250 missam,
794 1181 879 1244 missa
901 1183 1035 1252 completa
1054 1181 1145 1236 exiens
1166 1199 1229 1236 cum
1248 1181 1341 1250 paucis

293 1265 389 1320 occidit
400 1283 492 1338 regern
506 1265 596 1338 Coseg
610 1285 673 1322 cum
689 1267 790 1332 lancea,
809 1271 836 1322 et
857 1265 945 1322 filium
963 1265 1033 1336 regis
1050 1283 1115 1320 oum
1133 1265 1233 1336 gladic,
1252 1269 1278 1318 et
1297 1265 1341 1318 alii

291 1355 456 1406 corruerunt.
495 1349 557 1420 lpse
578 1369 640 1406 vero
661 1349 794 1406 sustinuit
815 1367 859 1404 rx.
878 1349 950 1406 bella
971 1353 1065 1404 contra
1078 1349 1218 1402 Danenses
1236 1349 1266 1402 in
1284 1367 1340 1404 uno

290 1451 371 1500 anne,
392 1433 438 1488 scd
458 1433 570 1488 tandem
591 1433 642 1488 sibi
665 1433 795 1488 remansit
815 1433 936 1488 victoria.
980 1433 1147 1488 Willielmus
1172 1433 1340 1488 Malmesbu-

290 1517 423 1572 buriensis
436 1517 468 1570 de
482 1515 570 1572 Gestis
587 1517 695 1586 Regum
710 1517 873 1586 Anglorum,
885 1517 914 1570 li.
926 1517 954 1580 2,
968 1517 1032 1570 dicit
1049 1517 1125 1586 quod
1137 1535 1209 1570 anno
1226 1515 1340 1568 Domini

291 1597 704 1664 occonxx11.idemlllfredus,
725 1597 798 1652 filius
812 1599 950 1652 Ethelwlfi
969 1597 1071 1670 junior,
1085 1615 1200 1652 xxv111.
1214 1603 1241 1652 et
1259 1599 1338 1654 semis

291 1683 370 1736 annis
396 1681 604 1736 laboriosissime
632 1681 765 1752 regnavit.
815 1683 870 1736 Hic
900 1683 1023 1736 omnium
1052 1685 1195 1754 poetarum
1226 1683 1339 1736 Saxoni-

291 1783 385 1820 corum
404 1765 582 1836 peritissimus
602 1765 664 1830 fuit,
677 1769 704 1820 et
725 1765 795 1820 inter
814 1783 906 1820 omnes
926 1771 1107 1820 antecessores
1129 1771 1155 1820 et
1176 1785 1339 1820 successores

291 1867 354 1904 suos
380 1849 603 1922 sapientissimus,
628 1851 658 1904 in
680 1849 763 1904 armis
788 1853 925 1916 strenuus,
951 1849 980 1904 in
1009 1849 1122 1904 consilio
1146 1849 1285 1922 providus,
1310 1851 1338 1904 in

290 1933 398 1988 servitio
411 1933 462 1988 Dei
474 1931 721 2004 evigilantissimus,
734 1933 763 1988 in
775 1933 939 2008 exequendis
953 1931 1062 2004 judiciis
1080 1933 1224 2004 indagator
1243 1933 1338 1988 discre-

288 2015 420 2070 tissimus.
457 2015 512 2070 Hic
530 2033 592 2070 cum
610 2033 625 2070 a
644 2015 732 2070 Danis
750 2015 875 2088 undique
893 2021 1065 2086 premeretur,
1085 2021 1225 2088 assumpto
1244 2017 1338 2072 robore

291 2099 411 2170 quinque
441 2099 493 2154 sibi
510 2117 594 2170 regna
617 2097 766 2170 conjunxit,
791 2099 929 2156 civitatem
954 2099 1125 2154 Londoniam
1148 2117 1212 2156 cum
1237 2099 1338 2156 caeteris

291 2181 540 2252 oucumjacentibus
557 2183 731 2254 recuperavit,
751 2187 778 2236 et
790 2187 893 2254 partem
905 2183 981 2254 regni
999 2183 1164 2238 Marciorum
1183 2183 1339 2256 adquisivit.

292 2265 399 2320 Primus
410 2285 507 2338 regum
524 2267 677 2338 Angloruro
692 2285 773 2340 super
784 2273 872 2322 totam
883 2267 1014 2338 Angliam
1034 2269 1109 2322 solus
1120 2285 1230 2338 regnare
1249 2269 1338 2340 coepit.

290 2349 420 2406 Mortuus
439 2355 531 2406 autem
551 2351 580 2404 in
597 2351 746 2422 magnifica
764 2349 874 2406 ecelesia
895 2351 1053 2424 Wyntoniee
1074 2351 1208 2422 sepelitur,
1228 2351 1275 2406 sed
1295 2351 1339 2406 de·

290 2453 368 2488 mum
382 2435 412 2486 in
428 2435 508 2490 Novo
525 2435 699 2500 Monasteri0‚
720 2435 795 2508 quod
813 2453 889 2490 nunc
906 2435 981 2490 Hida
992 2439 1113 2500 vocatur,
1132 2437 1279 2490 translatus
1298 2439 1339 2488 est

291 2537 307 2572 a
323 2517 381 2572 filio
398 2537 448 2574 suo
467 2519 609 2584 Eduardo,
630 2518 720 2592 quisi
744 2519 873 2574 successit
891 2519 921 2572 in
944 2537 1046 2590 regum
1072 2517 1146 2574 idem
1163 2519 1215 2574 fuit
1235 2519 1338 2590 primus

291 2601 449 2658 Edwardus.

327 2687 381 2742 Hic
399 2687 537 2754 Alfredus,
557 2691 678 2760 tempore
696 2687 809 2744 Martini
828 2705 905 2760 papae
923 2705 967 2754 11,
979 2687 1084 2758 primus
1101 2687 1224 2742 omnium
1242 2703 1338 2758 regum

290 2771 376 2826 tetius
395 2771 544 2826 Britanniae
557 2789 674 2844 regnum
690 2777 718 2826 et
735 2771 859 2826 diadema
876 2789 893 2826 a
912 2771 998 2826 Beato
1016 2771 1107 2826 Leone
1125 2789 1194 2842 papa
1211 2771 1338 2840 suscepit.

293 2855 347 2910 Hic
367 2855 533 2910 eleemosinis
554 2853 675 2910 intentus
697 2873 744 2924 per
765 2855 918 2924 Sigeiinnm
938 2855 1161 2910 Sireburnensem
1181 2855 1337 2926 episcopum

211 2959 213 2964 ’
293 2937 408 2994 Romam
427 2943 453 2992 et
472 2939 507 2992 ad
530 2937 661 2992 Sanctum
672 2937 807 2992 Tbomam
827 2939 855 2992 in
878 2937 986 2992 Indiam
1007 2939 1097 2994 multa
1114 2955 1227 2992 munera
1245 2939 1336 3002 misit;

293 3021 339 3092 qui
353 3021 426 3076 idem
443 3023 549 3076 rediens
566 3021 678 3074 eximios
695 3021 851 3092 splendores
866 3039 1038 3092 gemmarum
1056 3025 1083 3076 et
1098 3021 1215 3092 liquores
1233 3039 1336 3076 aroma-

291 3111 352 3160 tum
376 3111 403 3158 et
425 3109 531 3176 partem
549 3103 686 3160 Dominioi
707 3105 789 3174 Ligni
807 3123 824 3158 a
843 3123 913 3176 papa
932 3105 1053 3158 Martino
1077 3105 1133 3176 regi
1150 3105 1336 3160 transmissam

290 3191 442 3260 reportavit.
462 3187 628 3244 Monasteria
639 3187 721 3242 etiam
733 3189 851 3260 plurima
862 3189 1022 3254 construxit,
1034 3189 1142 3254 scilieet,
1154 3189 1335 3260 Adelingiam‚

290 3279 317 3328 et
335 3275 447 3328 Novum
469 3271 667 3326 Monasterium
684 3271 714 3326 iu
738 3271 897 3344 Wyntom'a,
917 3273 1019 3328 scilicet
1043 3273 1154 3338 Hidam,
1173 3273 1221 3326 ubi
1247 3273 1335 3328 Grim-

290 3357 402 3412 baldum
421 3357 546 3412 abbatem
569 3349 726 3412 constituit.'
757 3357 863 3428 Viginti
883 3363 1002 3430 quatuor
1024 3357 1105 3412 horas
1127 3357 1179 3410 diei
1198 3363 1224 3412 et
1247 3357 1335 3410 noctis

291 3443 329 3498 ita
347 3441 484 3496 dividebat
501 3461 549 3514 per
569 3441 786 3496 combustionem
806 3441 924 3496 candelae
943 3447 975 3498 ut
998 3441 1030 3496 de
1049 3441 1163 3512 singulis
1183 3447 1338 3496 moneretur

291 3525 385 3582 officiis
416 3525 486 3580 sicut
509 3525 573 3580 fecit
603 3523 741 3580 Aluredus
768 3543 815 3580 rex
839 3529 870 3580 ut
894 3527 972 3580 inira.
1019 3525 1088 3580 Item
1112 3525 1251 3580 dimidiam
1275 3543 1336 3596 por-

290 3611 393 3666 tionem
407 3611 532 3666 omnium
548 3627 681 3666 censuum
695 3609 768 3680 juste
786 3609 984 3682 adquisitorum
1004 3609 1173 3664 monasteriis
1191 3611 1248 3666 suis
1267 3609 1336 3664 dele-

290 3693 374 3766 gavit,
394 3699 506 3750 cunctos
528 3697 654 3764 praeterea
677 3693 801 3748 redditus
825 3695 854 3748 in
874 3693 943 3748 duas
965 3713 1056 3768 aequas
1075 3699 1162 3764 partes
1183 3693 1335 3748 diuidebatz

290 3795 437 3850 rursusque
448 3779 564 3848 primam
575 3779 605 3830 in
620 3783 683 3842 tres,
697 3795 813 3848 quorum
828 3777 945 3848 primam
960 3777 1090 3834 ministris
1106 3779 1162 3832 suis
1180 3777 1335 3842 curialibus,
1386 3781 1387 3784 ’

291 3861 439 3916 secundam
463 3861 656 3932 operatoribus,
681 3879 750 3932 quos
772 3859 873 3932 jugiter
895 3861 924 3914 in
946 3879 1079 3916 novarum
1104 3861 1203 3916 aedium
1220 3859 1335 3916 instruc-

290 3945 413 4000 tionibus
439 3945 555 3998 mirabili
582 3943 664 4000 modo
704 3945 832 4020 habebat,
868 3939 977 4000 tertiam
1008 3945 1119 4000 advenis
1150 3943 1335 4000 distribuebat.

292 4029 416 4082 Secunda
438 4047 499 4100 pars
522 4029 680 4084 reddituum
704 4031 743 4082 ita
768 4027 937 4084 dividebatur
964 4033 996 4082 ut
1024 4029 1111 4100 prima
1140 4029 1227 4100 portio
1258 4029 1336 4084 detur

290 4111 453 4182 pauperibus
477 4111 594 4182 regionis
620 4131 684 4176 sure,
710 4113 829 4166 secunda
851 4111 1031 4178 monasteriis,
1055 4113 1134 4166 tertia
1160 4113 1334 4176 scholasticis,

292 4199 388 4264 quarta
416 4195 603 4250 transmarinis
633 4195 758 4250 ecclesiis.
812 4195 958 4250 iustorum
983 4193 1149 4266 judiciorum
1178 4195 1333 4268 exquisitor,

1202 4379 1332 4386 mma—u«

290 4499 385 4550 clusion
396 4499 426 4548 of
440 4499 483 4550 the
495 4497 593 4550 Second
608 4499 689 4556 Book,
701 4499 731 4550 of
743 4499 786 4550 the
836 4497 933 4548 Mecum
953 4497 975 4550 is
994 4499 1098 4550 omitted
1116 4499 1143 4550 in
1162 4499 1191 4550 B.
1211 4501 1261 4550 and
1278 4517 1334 4564 pre-

290 4577 372 4628 Third
392 4577 474 4638 Book,
497 4577 539 4628 tire
566 4577 669 4642 Lageud
695 4577 726 4628 of
749 4577 785 4630 Sa
836 4579 908 4628 cedes
927 4579 970 4628 the
987 4579 1134 4644 ruleneary
1152 4577 1284 4630 Chronicle
1308 4579 1334 4628 in

290 4657 407 4718 Thoosae,
419 4657 468 4706 and
478 4673 552 4722 many
564 4655 686 4706 additions
701 4663 727 4706 to
743 4657 786 4706 the
836 4657 868 4706 D.
902 4657 928 4706 It
947 4659 1062 4722 occupias
1081 4659 1180 4722 exactly
1202 4659 1244 4708 the
1266 4673 1333 4712 same

290 4737 372 4790 Index
383 4749 425 4786 are
435 4735 534 4788 untur
545 4733 571 4784 in
584 4735 617 4786 Aa
646 4733 702 4784 The
719 4733 787 4788 Vade
837 4739 907 4802 place
918 4753 945 4790 as
956 4737 983 4786 in
995 4739 1028 4788 A.
1040 4737 1068 4786 in
1079 4739 1121 4790 the
1134 4739 1188 4790 MS.
1201 4739 1231 4790 Ε.
