3308 5666
271 1061 307 1116 of
317 1061 359 1112 the

271 1131 368 1182 Islands
379 1127 410 1178 os

271 1199 312 1252 the
325 1211 408 1248 ocean.

434 843 498 908 lla
730 857 909 908 amomon
933 857 1178 908 ursromlnon

437 1037 533 1100 natos
573 1033 681 1100 insula
712 1035 833 1102 Oceani
863 1035 966 1102 freto1
999 1033 1124 1102 Gallico
1162 1057 1182 1100 a
1211 1031 1388 1100 Britannia
1426 1033 1476 1098 est

439 1143 596 1226 separata,
627 1139 715 1206 diota
751 1139 917 1206 Thanatos
952 1165 972 1208 a
1001 1145 1107 1206 morte
1143 1147 1350 1226 serpentum3
1389 1137 1476 1202 unde

437 1247 606 1330 asportata
630 1249 717 1310 terra
748 1265 876 1330 quoquo
906 1247 1055 1332 gentium
1080 1247 1176 1310 vecta
1206 1243 1249 1308 sit
1275 1247 1309 1308 et
1339 1263 1476 1330 aspersa,

438 1367 560 1436 angues
580 1347 666 1412 illico
688 1347 830 1434 perimit.
877 1339 1104 1414 Tila2'ultima
1126 1345 1247 1412 Oceani
1269 1345 1376 1412 insula
1390 1347 1477 1412 inter

439 1449 702 1538 Septentrionem
740 1457 774 1518 ct
812 1451 1028 1530 Occidentem,
1064 1475 1084 1516 a
1115 1451 1182 1516 sole
1215 1471 1335 1516 nomen
1367 1451 1474 1530 habet,

437 1553 515 1640 quia
535 1553 572 1620 in
593 1577 631 1620 ea
650 1553 804 1618 aestivum
826 1554 1003 1620 solstitium
1023 1553 1071 1618 sol
1091 1547 1180 1632 iacit,
1205 1557 1238 1620 et
1257 1551 1366 1618 nullus
1388 1555 1476 1620 ultra

438 1679 513 1722 eum
541 1659 609 1724 dies
638 1659 688 1722 est
700 1679 709 1736 3
746 1657 833 1722 unda
855 1657 985 1744 pigrum
1009 1661 1044 1724 et
1070 1661 1258 1724 concretum
1288 1679 1378 1724 mare
1407 1657 1476 1744 ejus

332 1843 336 1854 ⁵
438 1765 495 1826 est.
557 1759 695 1824 Orcades
718 1757 834 1826 insulae
857 1767 972 1826 contra
994 1759 1204 1826 Britanniam
1226 1761 1342 1846 positae
1365 1781 1477 1826 nume·

437 1887 474 1928 ro
506 1877 642 1944 XXXIII,
671 1883 810 1950 quarum
839 1881 900 1930 XII.
928 1865 1067 1932 desertae
1103 1871 1138 1930 et
1172 1881 1248 1930 XIII.
1278 1865 1475 1932 incoluntur.

440 1967 549 2032 Scotia
573 1967 686 2030 eadem
710 1971 744 2032 et
771 1967 932 2034 Hibernia
962 1967 1144 2034 Britanniae
1170 1967 1320 2054 proxima
1344 1967 1386 2032 ab
1413 1967 1475 2032 Hi-

437 2071 525 2136 bero
540 2069 636 2136 dicta.
691 2069 802 2138 Gades
828 2073 934 2138 insula
956 2073 992 2138 in
1014 2073 1081 2138 fine
1105 2073 1240 2138 Baeticae
1263 2071 1328 2136 sita
1352 2071 1478 2138 dirimit

437 2171 602 2262 Europam
617 2171 660 2238 ab
682 2173 802 2252 Africa,
819 2175 855 2240 in
870 2197 934 2260 qua
955 2177 1109 2242 Hercrdis
1127 2175 1296 2242 Columnae
1316 2175 1476 2242 visuntur.

437 2277 520 2342 ΕΒΗ
541 2281 651 2342 autem
674 2301 694 2342 a
719 2283 807 2344 terra
827 2295 905 2344 cxx.
927 2279 1078 2366 passibus
1102 2279 1217 2346 divisa.
1263 2279 1422 2344 Nascitur
1442 2279 1478 2342 in

436 2403 474 2448 ea
497 2379 593 2446 arbor
615 2381 731 2446 similis
752 2383 879 2470 palmae,
903 2383 996 2468 quus
1019 2381 1145 2470 gummi
1167 2381 1293 2448 vitrum
1322 2381 1480 2448 infectum

435 2485 621 2552 cerauniam
643 2507 807 2572 gemmam
828 2484 945 2552 reddit.
993 2485 1188 2552 Fortunatae
1208 2487 1330 2552 Insulas
1351 2509 1372 2552 a
1385 2507 1480 2552 voca-

435 2587 513 2656 bulo
536 2589 634 2656 dictas
657 2591 751 2676 quasi
775 2589 882 2656 felices
905 2593 939 2656 et
959 2591 1076 2672 beatae,
1091 2591 1179 2656 unda
1196 2589 1379 2656 Gentilium
1394 2611 1484 2654 error

434 2699 469 2758 et
491 2693 696 2758 saecularium
722 2697 894 2780 poetarum
918 2693 1065 2760 carmina
1092 2699 1226 2780 propter
1250 2693 1332 2760 soli4
1361 2693 1485 2760 foeoun-

434 2795 573 2862 ditatem
596 2799 630 2860 et
659 2797 789 2862 varium
815 2795 984 2864 fructuum
1011 2801 1046 2864 et
1079 2797 1256 2862 herbarum
1286 2797 1500 2882 ubertatem,¹

433 2899 564 2966 easdem
602 2921 669 2966 esse
708 2899 903 2968 Paradisum
939 2903 1154 2990 putaverunt.
1217 2899 1300 2968 Sitae
1331 2905 1412 2966 sunt
1449 2901 1485 2966 in

433 3005 564 3072 Oceano
595 3009 709 3068 contra
740 3004 858 3070 laevam
894 3003 1119 3086 Mauritaniae,
1152 3005 1294 3072 Occiduc
1325 3005 1485 3092 proximae

430 3113 465 3172 et
487 3105 659 3190 interjecto
686 3107 771 3172 mari
798 3107 955 3174 discretae.
1004 3107 1195 3194 Gorgones⁵
1221 3107 1338 3176 insulae
1363 3107 1485 3174 Oceani

430 3209 576 3278 obversae
600 3209 827 3296 promontorio
858 3211 946 3296 quod
977 3215 1117 3276 vocatur
1147 3211 1375 3298 Esperacerus,
1403 3233 1485 3298 quas

422 3315 603 3380 'coluerunt
626 3311 760 3380 feminae
785 3313 882 3380 aliti6
904 3313 1102 3400 pernicitate
1115 3315 1141 3398 3⁷
1174 3315 1301 3380 distant
1328 3319 1440 3380 autem
1466 3339 1486 3380 a

430 3415 615 3482 continenti
629 3421 719 3482 terra
738 3415 834 3484 bidui
854 3417 1079 3506 navigatione.
1125 3417 1348 3506 Hesperidum
1368 3417 1485 3483 insulae

428 3521 556 3588 vocatae
571 3543 592 3586 a
607 3521 743 3588 civitate
767 3521 951 3608 Hesperido
970 3545 1045 3608 quae
1067 3521 1134 3588 fuit
1152 3521 1189 3586 in
1214 3521 1338 3588 finibus
1361 3519 1485 3584 Mauri-

428 3625 554 3706 taniae3
593 3629 671 3690 suut
702 3629 814 3692 autem
846 3623 933 3690 ultra
965 3623 1134 3712 Gorgones
1165 3623 1248 3704 sitae,
1278 3625 1316 3688 in
1346 3647 1485 3710 quarum

429 3727 535 3794 hortis
558 3727 692 3816 fingunt
713 3727 834 3794 fabulae
860 3727 1034 3794 draconem
1058 3727 1254 3816 pervigilem
1276 3749 1376 3794 aurea
1397 3725 1486 3792 mala

428 3835 625 3916 servantem.
667 3831 784 3898 'Orisse
805 3837 840 3898 et
860 3827 1005 3920 Argire8
1026 3833 1144 3898 insulae
1165 3831 1202 3896 in
1218 3831 1333 3896 Indico
1356 3831 1485 3896 Oceano

429 3935 512 4012 sitae,
540 3935 621 4000 adeo
646 3935 809 4002 foecundae
832 3935 924 4022 copia
950 3933 1162 4000 metallorum
1188 3939 1227 4000 ut
1252 3933 1400 4022 plerique
1431 3957 1486 3998 au·
1585 3957 1587 3962 ’

473 4331 479 4358 ¹
485 4329 576 4394 freta]
611 4329 885 4382 Thetointerlinedin
896 4331 931 4382 A.
1022 4331 1112 4398 “alita']
1127 4331 1200 4394 alitae.
1235 4333 1302 4382 B.D.

471 4407 565 4554 ΞΞΞῊ
577 4409 759 4538 lfflgglienss
960 4501 962 4504 ,
1023 4451 1032 4478 ⁷
1040 4451 1175 4514 perniciter
1188 4451 1208 4516 ,]
1223 4451 1277 4502 The
1287 4457 1374 4502 necent
1383 4467 1444 4502 over
1452 4451 1493 4502 the

990 4535 1083 4584 second
1094 4533 1104 4580 i
1114 4531 1140 4580 in
1148 4529 1182 4582 A.
1195 4531 1217 4582 is
1227 4533 1254 4582 in
1264 4533 1368 4582 blacker
1375 4531 1422 4580 ink
1433 4533 1493 4582 than

474 4571 483 4598 ι
494 4565 553 4634 sota]
567 4567 633 4618 solra
644 4567 732 4616 traced
743 4583 770 4618 m
781 4583 860 4634 marg.
874 4571 907 4624 A.
918 4571 945 4622 in
990 4611 1045 4664 that
1056 4627 1118 4664 over
1126 4611 1169 4662 the
1177 4611 1233 4664 first
1240 4613 1290 4662 and
1299 4613 1376 4662 opple
1385 4619 1493 4662 eonaxt.

441 4667 456 4700 a
476 4647 593 4700 different
610 4647 681 4698 hond
701 4647 767 4698 from
785 4649 840 4700 that
858 4649 888 4700 of
903 4651 946 4700 the

442 4737 504 4782 text.
1024 4733 1034 4760 ⁸
1049 4729 1132 4780 Celsae
1152 4737 1176 4778 et
1195 4727 1296 4796 Arpina]
1311 4729 1350 4784 ie.
1364 4727 1460 4798 Chryse
1471 4737 1494 4780 et

479 4807 637 4876 Imaona]
651 4807 681 4862 al.
695 4807 836 4876 Gorgades.
993 4811 1102 4878 Argyre.
1216 4835 1217 4838 ¹
