3300 5666
535 869 715 914 EULOGIUM
739 865 983 914 HISTORIARUM.
1262 847 1282 918 7

242 1039 390 1106 Nimiusl
413 1037 560 1104 nascitur
572 1061 579 1118 ;
617 1039 672 1124 qui
695 1039 782 1104 lasus
812 1037 1041 1124 magnitudine
1063 1039 1113 1102 sui
1136 1043 1274 1124 tempes-
1291 1037 1329 1088 of
1337 1037 1413 1094 lakes.

242 1149 325 1208 tates
354 1141 485 1206 initam
506 1141 659 1206 marinas,

282 1243 462 1306 Lucrinus3
485 1247 519 1306 et
545 1241 693 1308 Avernus
715 1247 792 1308 sunt
815 1241 875 1310 laoi
900 1241 1110 1328 Campaniam
1142 1243 1248 1306 dietus
1268 1239 1280 1276 4

239 1343 417 1408 Lucrinus³
438 1365 505 1430 prae
529 1345 621 1430 eopia
643 1345 788 1430 piscium,
813 1345 963 1410 Avernus
993 1345 1099 1410 dietus
1123 1343 1269 1430 eoquod

237 1469 312 1512 aves
335 1451 544 1532 supernatare
566 1467 633 1510 non
654 1449 792 1532 possent.

665 1831 742 1898 Cer.
767 1831 844 1896 VII.

642 2021 690 2088 Do
713 2021 858 2086 Flauiis.

273 2211 416 2290 QUIDAM
439 2217 550 2276 autem
572 2211 749 2278 fluviorum
779 2211 919 2298 propriis
942 2233 982 2276 ex
1006 2213 1110 2278 nausis
1133 2213 1264 2276 nomina
1278 2229 1403 2282 oravere

227 2319 425 2398 aeceperunt,
458 2337 499 2378 ex
537 2315 655 2400 quibus
688 2315 837 2378 nonnulli
868 2309 1006 2378 notandi
1033 2321 1111 2378 sunt
1140 2317 1196 2400 qui
1230 2315 1264 2378 in

227 2417 368 2480 historiis
392 2417 531 2482 celebres
554 2417 774 2480 nominamur.

175 2527 176 2530 ’
251 2519 359 2582 ¹Goon
404 2521 525 2582 fluvius
563 2523 613 2582 'est
651 2519 690 2582 de
728 2519 881 2584 Paradiso
920 2519 1038 2596 exiens,
1074 2519 1260 2582 universam

224 2621 423 2706 AEthiopiam
456 2621 596 2706 cingens,
629 2623 663 2684 et
699 2627 819 2684 terram
851 2621 990 2706 AEgypti
1015 2621 1131 2706 irrigat
1163 2645 1264 2686 annu-

224 2723 310 2788 atim.
358 2723 423 2786 Hie
446 2723 533 2806 apud
556 2723 730 2806 AEgyptios
757 2723 855 2786 Nilus
878 2727 1026 2786 vocatur.

267 2823 396 2908 Ganges
433 2831 481 2888 est
518 2823 645 2894 fluvius,
677 2845 774 2908 quem
805 2823 903 2888 Sacra
935 2823 1103 2908 Scriptura
1141 2823 1263 2888 Phison

134 2983 136 2986 .
221 2927 380 3006 nominat,
420 2927 459 2990 de
499 2925 652 2990 Paradiso
690 2927 804 2990 exiens
843 2927 886 2990 ad
923 2927 1071 3012 regiones
1095 2925 1262 2990 Indorum.

222 3029 349 3114 Ganges
373 3033 483 3092 autem
506 3025 669 3092 vocatus⁵
692 3049 712 3092 a
736 3027 888 3114 Gangaro
911 3051 986 3114 rege
1010 3027 1137 3108 Iudiae3
1160 3029 1265 3092 fertur

220 3131 305 3194 enim
329 3135 361 3194 et
392 3129 462 3192 Nili
486 3131 582 3194 modo
605 3149 702 3212 super
732 3135 837 3194 terras
860 3149 1038 3214 erumpere.

191 3289 192 3292 ,
263 3229 369 3314 Tigris
391 3231 510 3294 fluvius
534 3233 584 3296 est
608 3229 855 3316 Mesopotamiae
888 3233 929 3296 de
963 3231 1121 3296 Paradiso
1151 3233 1265 3298 exiens

218 3335 260 3398 ad
282 3333 456 3418 Assyri0s3
481 3353 557 3398 nam
581 3337 656 3418 post
679 3335 801 3398 multos
824 3335 978 3398 eirouitus
1001 3333 1037 3398 in
1061 3333 1153 3398 Mare
1178 3335 1265 3398 Mor-

218 3441 311 3500 tuum
335 3437 465 3500 decidit.
512 3435 660 3500 Vocatur
674 3441 786 3500 autern
802 3437 862 3500 hoe
878 3437 1011 3500 nomine
1025 3441 1159 3522 propter
1176 3437 1263 3502 velo·

217 3539 348 3602 ritatem
373 3537 415 3602 ad
439 3539 545 3602 instar
567 3537 682 3602 bestiae
706 3539 810 3602 nimia
834 3537 1032 3624 pernicitate
1056 3539 1224 3602 currentis.

260 3639 445 3724 Euphrates
467 3639 588 3702 fluvius
610 3639 650 3702 de
667 3639 823 3704 Paradiso
839 3641 997 3716 exoriens,
1016 3643 1152 3724 gemmis
1169 3641 1264 3704 ditis·

215 3741 322 3816 simus,
339 3741 379 3806 de
404 3739 666 3824 Mesopotamia6
689 3761 747 3824 per
768 3739 912 3804 mediam
937 3741 1156 3824 Babyloniam
1177 3741 1261 3804 fluit.

216 3841 280 3906 Hie
302 3863 322 3904 a
344 3843 495 3926 frugibus
517 3841 573 3906 vel
599 3841 764 3904 uberitate
787 3861 908 3904 nomen
931 3841 1056 3924 aceepit
1068 3863 1076 3918 3
1100 3839 1263 3902 Hebraioe

215 3941 349 4028 eufrata
365 3943 522 4008 fertilitas
542 3943 791 4028 interpretatur.
823 3941 1121 4028 Mesopotamiam⁷
1137 3941 1173 4004 in
1189 3941 1260 4028 qui·
1340 4015 1341 4018 Ἴ

158 4043 159 4046 ’
213 4043 347 4108 busdam
370 4045 448 4110 loeis
471 4045 521 4108 ita
543 4045 663 4132 irrigat
686 4045 771 4110 siout
795 4043 894 4108 Nilus
911 4043 1158 4110 Alexandriam.

256 4145 359 4212 Indus
383 4151 432 4210 est
455 4147 580 4212 fluvius
606 4147 755 4214 Orientis
773 4147 831 4232 qui
849 4147 963 4214 Rubro
989 4147 1078 4214 Mari
1094 4145 1263 4232 accipitur.

242 4475 371 4542 ¹Nimr'us]
391 4489 454 4526 corr.
473 4475 594 4528 Mincius.
788 4479 923 4544 5υοσαίιιε]
950 4487 1062 4530 vocatur.
1095 4481 1129 4530 D.

239 4555 348 4620 ²im2'tat]
377 4553 495 4604 imitatur.
537 4555 604 4608 B.D.
647 4557 712 4606 Pro·
788 4557 996 4622 sMesopotorm'u]
1009 4559 1261 4622 Mesopothamia.A.

206 4631 280 4698 bably
290 4641 368 4682 marat
378 4633 405 4682 in
417 4633 452 4682 A.
754 4635 949 4698 Mesopotamia.
984 4635 1017 4686 Β.

239 4709 393 4776 ³Lurriaas]
413 4713 552 4762 Luoemus.
587 4715 651 4764 Bu).
791 4715 1024 4778 'Mesopotamiaffl
1045 4715 1266 4778 Mesopotamiam.

238 4787 347 4854 ⁴dietus]
368 4789 466 4840 dieitur.
501 4791 533 4838 B.
754 4793 785 4842 B.

1063 4871 1174 4934 Aia*
