3308 5666
377 823 420 888 ol
674 833 855 890 auuocrun
878 833 1125 890 nrsroumncu.

210 975 448 1074 &Graece-tiele
487 1009 608 1094 quieta,
638 1013 753 1076 contra
779 1007 925 1076 hostium
963 1007 1102 1096 injurias
1134 1007 1355 1074 intolerabilis
1388 1009 1421 1072 et

143 1107 145 1112 ’
375 1111 504 1192 infesta,
536 1115 621 1180 sicut
646 1113 682 1180 in
706 1115 791 1180 libro
818 1113 859 1178 de
888 1113 1077 1182 Graecorum
1110 1109 1280 1178 Laudibus
1307 1115 1422 1176 narrat

375 1217 489 1282 Varro.

679 1535 680 1538 Ἴ
784 1443 866 1510 Ocu.
884 1441 1006 1508 LXIX.

719 1631 769 1698 Dc
791 1627 1071 1698 Luccdoentoatc.¹

210 1835 333 1888 quacc
423 1823 686 1886 Licnonnonr
713 1841 786 1906 qum
815 1817 880 1884 alio
908 1819 1039 1884 nomine
1073 1819 1194 1886 dicitur
1226 1819 1422 1910 spe-ucula?

209 1905 338 1956 camonia.
379 1925 415 1988 in
444 1923 567 1988 finibus
599 1923 735 1988 Graeciae
761 1921 865 2008 juxta
897 1921 1069 1988 Thraciam
1100 1927 1152 1988 est
1184 1925 1355 2008 provincia
1387 1923 1424 1988 in

378 2027 520 2110 Europa,
551 2025 645 2112 cujus
674 2025 880 2092 habitatores
912 2023 1071 2090 dicuntur
1106 2025 1365 2104 Lacedaemona,
1403 2049 1424 2090 a
1498 2065 1503 2124 s

378 2129 519 2214 quodam
548 2127 783 2192 Lacedaemone
815 2127 894 2192 Sem
931 2127 1011 2192 olim
1040 2129 1118 2194 filio.
1177 2127 1235 2208 Hi,
1260 2129 1298 2192 in
1334 2127 1421 2193 bello
1553 2205 1554 2208 Ἴ

377 2233 492 2294 contra
518 2231 689 2312 Missenas,
707 2231 864 2294 timentes
887 2249 927 2294 ne
951 2227 1175 2296 diuturnitate
1197 2231 1307 2316 proelii
1332 2253 1423 2318 spem
1496 2321 1497 2324 Ἴ
1594 2309 1602 2340 a

377 2333 479 2420 prolis
508 2331 710 2410 amitterent,
741 2335 966 2420 praeceperunt
986 2337 1156 2398 uteorum
1179 2331 1326 2420 virgines
1349 2357 1423 2398 cum

374 2435 553 2524 juvenibus
580 2435 669 2498 domi
695 2435 819 2500 relictis
850 2435 1111 2514 concumberent,
1139 2439 1173 2502 et
1205 2433 1251 2500 sic
1283 2459 1323 2500 ex
1351 2457 1424 2522 pro*

377 2539 499 2604 miscuo
539 2537 707 2624 virginum
748 2535 925 2604 concubitu
959 2535 1101 2624 juvenes
1139 2537 1221 2618 nati,
1247 2561 1288 2604 ex
1322 2539 1424 2604 voto⁸

378 2639 520 2708 materni
547 2639 680 2728 pudoris
705 2639 861 2728 Spartani
884 2645 1053 2706 vocantur.
1104 2639 1179 2706 Hoc
1210 2639 1364 2708 Isidorus.

797 2891 876 2958 Car.
895 2891 996 2958 LXX.

757 3083 807 3148 Dc
830 3083 1057 3150 Macedoatc.⁴

213 3283 345 3364 Oftlaec·
424 3273 478 3338 ΑΒ
494 3271 636 3338 Ematho
661 3293 737 3360 rege
753 3271 910 3338 Emathia
932 3273 1021 3338 dicta
1036 3275 1093 3350 est,
1111 3271 1168 3338 sed
1184 3269 1321 3336 Macedo
1337 3269 1425 3336 Dou-

212 3353 294 3402 d⁰¹¹¹²·
380 3373 513 3440 calionis
548 3395 651 3460 nepos
681 3379 855 3462 postquam
887 3375 935 3438 ibi
958 3375 1200 3452 dominabatur,
1228 3371 1425 3438 vocabulum

379 3475 525 3542 mutavit
547 3481 582 3540 et
611 3497 684 3542 eam
710 3475 939 3542 Macedoniam
960 3475 1156 3542 nominavit.
1202 3473 1258 3538 Ab
1290 3473 1425 3540 Oriente

381 3577 468 3642 Mari
490 3577 604 3668 AEgaeo
629 3583 678 3644 est
701 3577 848 3658 confinis,
863 3599 884 3642 a
899 3577 1039 3644 Meridie
1056 3575 1219 3656 Achaiae,5
1234 3577 1277 3642 ab
1300 3575 1425 3644 Occasu

380 3679 582 3762 Dalmatiae,⁶
605 3703 626 3746 a
648 3679 881 3768 Septentrione
898 3677 1047 3746 Moesiae.⁵
1085 3679 1166 3746 Fuit
1197 3679 1286 3746 enim
1315 3679 1425 3766 patria

380 3783 562 3848 Alexandri
593 3785 715 3872 Magni
773 3781 877 3870 Regio
916 3781 1026 3848 aureis
1054 3783 1147 3848 venis
1189 3785 1224 3848 et
1260 3781 1426 3868 argenteis

380 3887 497 3972 opima.
545 3881 621 3952 lbi⁶
653 3891 703 3952 est
739 3885 837 3952 Mons
867 3885 1030 3972 Olympus
1060 3885 1117 3970 qui
1148 3883 1323 3950 excellenti
1354 3905 1427 3950 ver-

379 3989 444 4054 tice
465 3991 600 4054 tantum
622 3989 801 4064 extollitur,
824 3989 862 4052 ut
884 3987 920 4052 in
947 3989 1017 4072 ejus
1038 3987 1206 4054 cacumine
1229 4007 1289 4052 nec
1313 3985 1426 4068 nubes,

379 4109 440 4154 nec
464 4091 567 4170 venti,
590 4113 651 4158 nec
676 4091 798 4178 pluviae
820 4091 1019 4154 sentiuntur.
1075 4087 1149 4154 Hoc
1173 4085 1329 4154 Isidorus.

416 4361 632 4430 ‘Lacedoeuionic]
669 4367 883 4418 Luoccdaemonia.
958 4363 1042 4434 ³croto]
1063 4367 1118 4418 The
1132 4375 1153 4418 to
1165 4367 1299 4418 interlined
1311 4367 1338 4416 in
1351 4367 1383 4418 A.

383 4445 450 4498 AJ).
485 4445 643 4496 Macedonia.
677 4445 708 4496 B.
958 4445 1139 4512 ⁴Moccdcnic]
1158 4445 1270 4498 Emacia.
1305 4445 1371 4498 B.D.

406 4523 885 4592 ²Spcttaaia]SpettoniaorSpettovia.
958 4525 1087 4586 5ΑοΙιιιίω,
1131 4525 1274 4586 Dalmatia,
1317 4527 1425 4592 classa]

383 4605 435 4656 B.?
458 4605 592 4668 corrupted
621 4601 687 4652 from
710 4603 825 4668 sptenis,
846 4605 897 4656 te„
925 4603 1032 4666 Achaio,
1044 4605 1181 4666 Dalmatio,
1194 4607 1294 4658 Messio.
1329 4607 1431 4658 A.B.1).

383 4683 591 4748 Spartauiafrom
602 4681 727 4748 spartani.
958 4683 1112 4750 ‘Ibi]1stc.
1147 4685 1212 4736 B.D.
