3300 5666
433 845 495 910 132
725 857 905 908 annosum
927 855 1172 908 nrsroannuu.

269 1055 383 1114 orscot-
434 1037 521 1104 Olim
543 1035 721 1102 venabatur
743 1035 906 1118 Albania}
936 1037 1011 1124 post
1034 1059 1054 1100 a
1077 1035 1179 1100 Pictis
1198 1027 1467 1102 inhabitantibus

267 1131 330 1184 land.
434 1139 585 1208 Piatauia
620 1139 708 1206 dieta
740 1145 798 1220 est,
832 1141 1008 1208 seeundum
1049 1139 1205 1226 quosdam
1237 1161 1296 1226 per
1328 1139 1470 1226 spatium

432 1261 531 1310 mccc.
555 1263 723 1310 annorum.
768 1243 867 1310 Nune
891 1265 968 1308 vero
992 1241 1101 1308 Saotia
1132 1241 1222 1308 dieta
1244 1265 1264 1306 a
1287 1241 1409 1308 Scottis
1432 1241 1472 1308 de

434 1345 596 1412 Hibernia
608 1347 816 1412 venientibus
839 1345 930 1412 etin
952 1367 990 1410 ea
1015 1343 1236 1430 regnantibus,
1253 1363 1311 1428 per
1332 1345 1474 1430 spatium

434 1447 567 1516 00000.1
607 1469 766 1514 annorum
803 1469 906 1532 usque
943 1445 987 1512 ad
1020 1451 1150 1532 ternpus
1188 1443 1359 1512 Wiliielmi
1397 1445 1474 1512 Rufi

267 1571 403 1622 100000.
433 1553 546 1618 fratris
568 1549 741 1616 Malenlini.
796 1547 907 1634 Hujus
930 1553 1028 1616 terrae
1061 1549 1176 1616 incolae
1208 1549 1340 1636 propria
1361 1549 1476 1636 lingua

268 1641 294 1692 ¹¹·
307 1639 420 1692 imm·
434 1655 541 1722 Sentti
587 1653 759 1732 dicuntum
800 1651 911 1718 animo
958 1651 1091 1738 quidem
1135 1651 1234 1732 leves,
1270 1653 1476 1740 quamplures

432 1755 573 1832 barbari,
590 1755 753 1820 silvestres
776 1753 876 1834 satis3
900 1755 957 1822 sed
979 1769 1068 1820 nune
1090 1777 1164 1820 eum
1187 1755 1305 1842 Anglis
1328 1755 1476 1832 admixti,

432 1861 537 1924 ritum
574 1855 757 1942 Anglnrum
794 1857 1007 1942 frequentant
1045 1857 1232 1944 saepissime.
1279 1857 1479 1924 1n2seoua

433 1961 582 2026 homines
614 1955 685 2022 illi³
708 1961 786 2024 sunt
808 1957 845 2022 in
866 1957 978 2024 hostes
1010 1959 1098 2038 saevi,
1123 1961 1303 2026 secundum
1325 1961 1425 2024 robur
1447 1965 1481 2026 et

433 2063 594 2130 virtutem
626 2061 765 2126 illorum.
811 2061 1028 2128 Detestantur
1061 2063 1097 2126 in
1133 2063 1218 2128 lento
1256 2063 1349 2144 mori,
1381 2063 1482 2128 nam4

432 2165 606 2254 segnitiem
638 2165 807 2252 deputant.
871 2165 913 2228 In
947 2187 1062 2252 eampo
1099 2165 1241 2230 interfici
1276 2165 1482 2232 arbitrantur

432 2271 580 2358 gloriam.
614 2267 709 2334 Parni
734 2267 871 2334 suntin
892 2269 996 2348 victu,
1019 2269 1145 2334 diutius
1167 2269 1289 2334 famem
1312 2269 1483 2334 sustinent.

433 2375 523 2438 Raro
554 2375 632 2438 ante
665 2371 741 2438 solis
769 2393 916 2438 oceasum
948 2371 1132 2438 eomedunt.
1196 2371 1368 2454 Carnibus,
1392 2373 1484 2438 lanti-

433 2477 537 2552 eiuiis
561 2475 712 2560 piscibus,
736 2475 906 2552 fructibus
932 2477 1039 2560 magis
1063 2497 1161 2560 qnam
1192 2495 1278 2560 pane
1300 2481 1485 2540 vescuntur.

266 2595 391 2646 Giraldus.
433 2579 477 2644 In
509 2581 570 2642 hac
602 2583 692 2644 terra
725 2579 847 2644 Beatus
870 2579 1022 2644 Andreas
1058 2581 1091 2642 et
1125 2579 1196 2664 ejus
1228 2579 1386 2642 memoria
1417 2579 1488 2666 plu·

265 2663 333 2714 ‘³¹¹³'
432 2681 555 2748 rimum
579 2681 706 2764 colitur,
728 2687 768 2748 ut
790 2687 904 2748 narrat
928 2681 1084 2750 Giraldus
1107 2681 1143 2744 in
1168 2681 1330 2748 Chronica
1354 2705 1419 2746 sua.

812 2981 892 3048 sap.
917 2957 1077 3046 00000

268 3199 405 3252 OfWales.
481 3189 590 3254 NUNC
613 3187 712 3254 venio
734 3189 777 3252 001
800 3187 963 3266 Waliiam,
988 3187 1031 3252 ad
1055 3185 1180 3252 Priami
1202 3189 1410 3276 sapientiam,

480 3293 537 3356 Ad
561 3291 677 3376 Magni
701 3289 798 3356 Jovis
821 3291 1027 3378 sanguinem,
1052 3291 1095 3356 ad
1119 3289 1272 3356 Dardani
1295 3291 1491 3378 progeniem.

482 3393 559 3484 Sub
575 3393 684 3458 titulis
707 3395 759 3458 his
781 3399 932 3482 quatuor,
958 3399 1058 3460 terrae
1081 3399 1207 3460 statum
1232 3395 1406 3462 exordior:

468 3497 604 3574 Prima,
628 3497 669 3562 de
692 3519 789 3562 causa
811 3497 963 3578 nominis,
989 3497 1141 3576 secunda,
1166 3497 1207 3562 de
1231 3497 1411 3584 praeconiis,

482 3599 631 3666 Tandem
656 3599 828 3686 degentis
851 3599 981 3680 ritibus
1007 3601 1135 3680 ultime,
1160 3601 1200 3666 de
1223 3599 1435 3666 mirabilibus.

484 3701 567 3770 Haec
598 3707 694 3780 terra,
719 3725 793 3788 quae
824 3725 913 3768 0000
943 3701 1088 3770 Wallia⁵
1112 3701 1210 3782 dieta,
1234 3703 1400 3788 quondam
1423 3703 1496 3770 001ὓ

377 3857 378 3860 ,
440 3805 610 3884 Kambria‚
676 3795 681 3804 ”
1483 3825 1485 3828 ·

485 3909 518 3974 Α
542 3909 702 3990 Kambre,
727 3909 826 3974 Bruti
848 3909 927 3990 filio,
950 3931 1029 3974 nam
1059 3911 1146 3974 hana
1167 3911 1258 3974 rexit
1281 3911 1436 3978 dominio.

485 4013 552 4080 Sed
575 4019 650 4100 post
673 4009 746 4076 est7
770 4013 858 4076 dieta
881 4011 1003 4076 Wallia
1025 4037 1047 4076 a
1077 4013 1233 4078 Guallare
1255 4013 1414 4100 reginula,

486 4115 588 4202 Regis
611 4115 756 4180 Ebranei
777 4115 849 4178 filia
872 4115 1006 4188 adhaec
1036 4121 1143 4202 nupta
1166 4115 1317 4196 confinia,

444 4315 1472 4324 ω-ψ--ι-ω-μ-υ-η-μ-ι-ῌ--μ-μ--μ-α-ψ--κκ-*ῌ-μ-ψ-

475 4467 483 4496 ²
496 4467 591 4532 00000]
611 4469 668 4544 350.
702 4465 732 4514 B.
996 4451 1107 4538 referred
1117 4475 1143 4518 to
1154 4465 1187 4516 its
1198 4467 1269 4530 place
1280 4465 1307 4516 in
1318 4467 1362 4520 the
1372 4473 1428 4518 text
1439 4469 1473 4532 by
1485 4483 1499 4518 a

474 4547 552 4596 ²The
570 4545 626 4596 first
644 4547 715 4594 nord
734 4543 764 4594 of
779 4543 798 4594 f.
815 4549 855 4594 41.
873 4561 897 4598 r.
910 4547 944 4596 A.
996 4555 1070 4598 earet.

440 4627 555 4680 headed:
574 4625 614 4676 De
626 4623 718 4676 Sentis.
1030 4619 1162 4688 ⁵Wnitiu]
1176 4627 1219 4672 est
1232 4637 1317 4688 praem.
1351 4621 1416 4674 B.D.

473 4705 543 4772 iilia]
557 4705 606 4756 illa.
641 4703 676 4754 A.
1028 4703 1168 4766 6001]1011.
1202 4701 1269 4754 RD.

474 4789 483 4818 ⁴
495 4787 574 4852 nam]
606 4787 699 4838 Addet
710 4783 737 4834 in
748 4799 828 4850 marg.
840 4783 884 4846 A„
894 4787 944 4836 aud
1030 4783 1104 4846 ’post
1115 4781 1163 4846 est]
1176 4787 1271 4848 postea.
1283 4781 1314 4832 B.
1327 4787 1383 4844 post
1394 4781 1454 4846 ejus.
1470 4781 1498 4832 D.
1546 4859 1547 4862 Ἰ
