3300 5666
443 861 509 926 242
731 869 929 948 ¹nrnooruu
955 869 1203 928 msronrsnuu.

443 1067 552 1154 partes
590 1061 712 1142 ducere,
749 1063 942 1148 cunctasque
976 1049 1161 1148 prouincias
1190 1079 1302 1154 sorum
1332 1059 1489 1148 potestati
1564 1091 1565 1094 ¹

444 1167 643 1234 submittere.
696 1163 782 1252 ipsis
802 1163 904 1252 igitur
917 1163 954 1228 in
970 1163 1141 1228 Franciam
1164 1161 1359 1230 adeuntibus
1379 1185 1489 1230 omues

445 1265 594 1356 regulos¹
626 1267 816 1334 devicerunt
845 1271 879 1334 et
914 1271 1020 1332 totam
1051 1271 1173 1332 terram
1199 1265 1354 1352 potestati
1378 1289 1489 1332 eorum

446 1369 686 1454 submiserunt3
711 1369 851 1450 Italiam,
868 1367 1056 1434 Almaniam
1074 1367 1217 1434 dominio
1240 1367 1375 1436 eorum2
1397 1391 1491 1434 man-

447 1473 618 1558 ciparunt3
653 1475 792 1538 Romam
836 1493 915 1538 vero
944 1469 1176 1538 uenientibus8
1211 1469 1317 1558 ipsam
1361 1471 1491 1538 fortiter
1596 1469 1597 1472 ’

446 1573 659 1642 debellabant
721 1573 959 1658 Resistentibus
983 1573 1170 1640 consulibus
1194 1571 1317 1640 Sabino
1340 1579 1374 1640 et
1397 1573 1491 1640 Pors-

446 1701 554 1758 senna‚
578 1685 652 1766 post
674 1679 793 1744 multas
816 1679 903 1742 enirn
934 1679 1169 1744 decertationes
1191 1679 1358 1744 voluntati
1380 1701 1491 1744 eorum

447 1805 561 1868 regum
593 1783 698 1848 Roma
735 1781 894 1850 submissa
931 1787 1000 1866 est3
1034 1805 1101 1848 una
1138 1781 1192 1846 die
1229 1783 1270 1848 de
1307 1781 1493 1868 proceribus
1533 1823 1534 1826 =

449 1885 593 1952 civitatis
616 1901 732 1952 xxnrr.
755 1885 902 1972 suspensi
924 1889 1002 1952 sunt
1026 1889 1060 1952 ct
1082 1883 1201 1952 tracti.l

491 1999 547 2054 Iste
568 1999 679 2056 Belinus
700 2017 764 2054 oum
782 2003 842 2054 tota
863 1999 942 2054 Italia
962 2001 987 2054 ei
1005 2017 1063 2054 non
1084 1997 1227 2066 sufficeret,
1241 2017 1308 2054 auro
1329 2003 1356 2054 ot
1379 2003 1491 2072 argento

447 2083 522 2140 omni
546 2087 684 2154 asportato
707 2087 795 2138 totam
820 2083 993 2138 Germaniam
1018 2083 1169 2156 occupauit.
1216 2083 1311 2156 anue
1332 2083 1492 2156 delinquens
1523 2111 1524 2114 ¹

447 2171 477 2224 in
494 2167 561 2222 Asia
581 2185 642 2240 quae
659 2168 747 2222 voluit
767 2185 851 2238 regna
872 2169 923 2224 sibi
943 2167 1065 2234 retinuit,
1079 2171 1106 2222 et
1132 2183 1194 2240 quae
1220 2167 1310 2222 noluit
1331 2167 1388 2222 suis
1412 2167 1494 2222 dedit.

449 2253 503 2312 Hic
519 2251 573 2308 fuit
590 2251 647 2310 suis
665 2251 832 2322 temporibus
856 2251 1001 2306 hominurn
1020 2269 1155 2316 summus,
1173 2251 1289 2306 fortium
1308 2251 1398 2316 decus,
1419 2255 1494 2306 aster-

447 2355 516 2392 num
540 2335 690 2390 Britanniae
711 2335 795 2392 sidus.
843 2335 945 2392 Habita
967 2353 1031 2408 ergo
1055 2335 1167 2392 uictoria
1189 2333 1337 2406 permansit
1358 2333 1494 2390 Brennius

446 2423 477 2476 in
497 2419 576 2474 Italia
594 2437 693 2492 papam
716 2417 840 2474 inaudita
857 2419 993 2494 tyrranide
1014 2419 1149 2486 afficiens3
1169 2419 1283 2474 Belinus
1303 2421 1415 2476 veroin
1436 2419 1495 2474 Bri-

446 2505 571 2560 tanniam
587 2519 707 2566 reversus
731 2517 794 2558 cum
817 2503 1014 2576 tranquillitate
1037 2503 1147 2576 reliquis
1166 2503 1230 2558 uitae
1253 2519 1311 2558 suae
1334 2503 1430 2558 diebus
1447 2521 1495 2576 pa-

446 2589 528 2644 triam
556 2587 681 2642 tractauit
736 2587 887 2644 Renovavit
917 2587 999 2648 etiam
1037 2587 1185 2646 adificatas
1220 2587 1301 2644 urbes
1338 2587 1496 2660 ubicunque

447 2675 573 2744 collapsae
593 2671 703 2730 fuorunt
727 2677 754 2728 et
776 2673 879 2730 multas
902 2689 987 2730 novas
1009 2671 1170 2738 aedificavit3
1196 2673 1267 2726 inter
1292 2675 1400 2732 caeteras
1425 2691 1497 2728 corn-

445 2757 538 2828 posuit
567 2773 654 2810 unam
677 2773 758 2826 super
783 2755 884 2810 Ossam
907 2755 1011 2810 flumen
1034 2775 1117 2828 prope
1142 2753 1290 2812 Sabrinam
1313 2757 1390 2810 Mare
1414 2775 1497 2828 quam

365 2839 366 2842 ,
447 2839 568 2894 Kaernse
599 2839 758 2896 nononavu.
812 2839 965 2912 Postquam
987 2857 1052 2894 vero
1079 2841 1197 2900 Romani
1220 2845 1361 2906 venerunt,
1385 2843 1497 2930 praelato

445 2925 556 2992 nornine
581 2923 675 2988 deleto,
699 2927 795 2980 vocata
818 2927 859 2978 est
883 2923 957 2978 Urbs
982 2923 1143 2994 Legionem.
1172 2923 1284 2996 [Β.β.]5

491 3023 620 3088 Habita
647 3023 752 3108 igitur
782 3023 921 3088 victoria
951 3023 1075 3088 reversi
1105 3031 1182 3092 sunt
1210 3023 1327 3090 fratres
1360 3025 1397 3088 in
1429 3025 1500 3090 Bri-

371 3115 372 3120 *
446 3125 597 3190 tanniam
638 3130 672 3191 et
712 3125 761 3190 ibi
792 3147 852 3212 per
887 3147 990 3190 annos
1031 3125 1149 3212 quinos
1185 3127 1221 3190 in
1257 3149 1386 3192 summa
1421 3149 1499 3214 pace

278 3445 350 3496 Brea

278 3511 372 3564 founds

279 3581 412 3632 Brenstou.

283 3851 368 3918 Belyn

284 3921 369 3972 builds

448 3223 672 3314 perstiterunt
726 3227 836 3292 Medio
860 3229 947 3292 enirn
969 3233 1115 3314 ternpore
1147 3229 1309 3296 Brennins
1331 3229 1500 3296 civitatem

449 3329 598 3398 condidit
618 3329 655 3398 in
685 3329 914 3398 Occidentali6
935 3335 1031 3418 parte
1066 3329 1248 3400 Britanniae
1280 3335 1314 3398 et
1343 3353 1416 3398 eam
1445 3353 1503 3398 no-

436 3435 538 3502 mine
561 3455 619 3502 suo
641 3433 828 3524 appellauit,
853 3433 983 3514 scilieet,
1008 3435 1205 3518 Brenstou;⁷
1235 3457 1323 3500 nunc
1345 3457 1424 3502 vero
1445 3459 1504 3524 per

450 3561 615 3626 syncopen
644 3535 807 3604 Bristow⁸
829 3539 1002 3604 vocitatur.
1060 3539 1179 3604 Postea
1200 3539 1302 3604 rediit
1323 3539 1360 3602 tn
1382 3545 1504 3604 terram

430 3643 625 3730 propriam,
649 3641 741 3728 cujus
763 3645 897 3708 caeteros
926 3647 1018 3708 actus
1042 3647 1076 3708 et
1097 3643 1225 3708 exitum
1249 3641 1326 3728 quia
1348 3641 1505 3726 Romanae

454 3747 614 3812 Historiae
635 3743 810 3824 declarant,
835 3767 1041 3830 nequaquam
1062 3749 1206 3812 tractare
1228 3743 1349 3812 curavi.

500 3849 634 3914 Belinus
664 3845 798 3914 antem⁹
833 3849 921 3936 apud
959 3847 1202 3914 Trinouantum
1239 3869 1335 3936 super
1357 3847 1507 3914 ¹fluuium

201 4019 205 4028 -
286 3989 437 4052 Belyngate,
458 3953 499 4020 de
521 3951 708 4018 Thamise¹⁰
730 3953 807 4018 fecit
829 3969 929 4020 unam
951 3955 1081 4038 portam
1104 3951 1359 4038 pulcherrimam
1382 3957 1416 4016 et
1437 3975 1509 4016 earn

458 4055 591 4122 nornine
624 4075 681 4120 suo
717 4053 904 4120 nominavit
941 4051 1158 4140 Belyngate.¹¹
1207 4053 1300 4118 Fecit
1337 4055 1437 4118 etiam
1474 4055 1511 4116 in

495 4299 618 4364 ¹repulos]
636 4301 759 4366 regiones.
794 4299 861 4354 B.D.
1044 4299 1202 4366 'Brenalord
1220 4299 1360 4352 Brenstow.
1392 4299 1424 4348 B.

496 4379 609 4444 ²c0rum]
629 4393 681 4434 suo.
715 4381 745 4434 B.
794 4417 795 4422 ,

497 4457 678 4524 ³venientibus]
696 4459 833 4510 uenientes,
866 4459 933 4510 B.D.

498 4541 543 4588 let
559 4537 645 4602 tracti]
665 4553 719 4588 om.
753 4539 816 4590 B.D.
1046 4533 1158 4598 vantem]
1178 4549 1246 4586 uero.
1279 4535 1311 4586 B.

500 4615 580 4666 urhis
596 4629 702 4682 passage
718 4615 740 4666 is
756 4617 867 4670 referred
881 4623 908 4668 to
924 4617 968 4668 the
1047 4655 1066 4686 n
1082 4651 1208 4718 Thasum]
1227 4651 1328 4704 Tamiae
1369 4649 1426 4700 BD
1463 4681 1466 4688 .

468 4697 765 4762 textolB.byamark.
1329 4687 1335 4702 ⁸
1394 4687 1399 4700 '
1430 4687 1435 4700 '

503 4775 691 4844 incoluerant]
712 4775 842 4830 Orientali.
860 4773 901 4838 Α.,
914 4791 969 4828 cor·
1049 4773 1065 4804 ¹¹
1077 4771 1239 4836 Belyaesgat·
1285 4769 1313 4818 in
1355 4781 1437 4834 marg.
1483 4765 1518 4820 A.

1045 4417 1183 4468 ⁸Bristow.
1216 4417 1244 4468 ln
1255 4433 1335 4484 marg.
1371 4415 1437 4468 A.B.

472 4859 562 4910 rected.
1017 4853 1164 4916 Belyngate.
1198 4845 1224 4896 in
1235 4859 1316 4910 marg.
1349 4845 1381 4896 B.
