3300 5666
544 785 725 836 nunoolun
747 785 993 838 nrsronmnun.
1217 773 1279 838 295

295 959 359 1040 Qui
382 979 455 1022 cum
478 979 606 1024 causam
629 957 785 1024 inierint¹
809 959 1004 1044 promittent
1027 957 1056 1022 ei
1080 957 1161 1022 duos
1184 959 1281 1042 pedes
1294 977 1418 1040 Thepro-

251 1063 357 1148 vulpis
380 1065 414 1126 et
449 1081 543 1126 aures
565 1065 599 1126 et
621 1061 768 1140 caudam,
792 1065 826 1126 et
849 1081 891 1124 ex
914 1059 959 1126 eis
982 1061 1113 1146 porcina
1135 1059 1261 1124 membr

251 1169 461 1254 component:

292 1265 487 1352 Adquiescet
517 1265 595 1352 ipse,
629 1263 843 1352 promissam²
874 1265 1143 1332 restaurationem
1166 1279 1280 1352 expec-

250 1369 344 1438 unit.
394 1399 397 1406 ·

294 1471 432 1538 Interim
463 1469 633 1538 descendet
655 1467 789 1558 vulpis³
821 1471 862 1538 de
895 1471 1060 1538 montibus
1092 1475 1125 1536 et
1157 1493 1224 1538 sese
1247 1471 1281 1536 in

250 1577 363 1662 lupum
400 1575 543 1640 mutabit
580 1577 615 1638 et
647 1573 740 1658 quasi
779 1573 977 1660 colloquium
1014 1561 1169 1640 habitura
1209 1595 1282 1638 cunr

250 1699 327 1764 apro
350 1675 454 1742 adibit
476 1675 570 1740 illum
593 1677 706 1766 callide
733 1675 905 1762 ipsumque
930 1679 1035 1742 totum
1060 1675 1230 1742 devorabit
1242 1701 1251 1756 ;

293 1775 444 1844 Exinde*
478 1781 678 1844 transvertet
708 1799 777 1844 sese
813 1779 850 1844 in
884 1801 1005 1864 aprum¹
1028 1785 1062 1844 et
1091 1779 1185 1866 quasi
1214 1781 1282 1844 sine

249 1881 401 1946 membris
425 1883 609 1970 expectabit
632 1903 807 1968 germanos

293 1985 359 2050 Sed
389 1991 423 2050 et
443 1985 530 2072 ipsos
552 1991 724 2072 postquam
752 1985 945 2052 advenerint
980 1985 1090 2050 subito
1113 1985 1209 2052 dente
1232 1985 1281 2050 in-

249 2087 388 2156 terficiet
416 2093 516 2174 atque
539 2087 644 2176 capite
666 2089 768 2154 leonis
792 2089 1008 2154 coronabitur.

293 2191 336 2256 In
365 2191 479 2256 diebus
501 2191 570 2276 ejus
592 2195 743 2258 nascetur
765 2213 896 2278 serpens
920 2189 1017 2276 quae⁵
1040 2189 1140 2258 nece6
1163 2195 1282 2258 morta-

248 2293 329 2358 lium
357 2293 792 2380 imminebit310ngitudinc
821 2315 881 2360 sua
903 2293 1052 2366 circuibit
1080 2295 1284 2360 Londoniam

188 2469 190 2474 ,
248 2399 282 2462 et
303 2393 537 2482 quoscunque⁷
559 2399 795 2482 praetereuntes
818 2395 995 2460 devorabit.

293 2499 357 2564 Bos
387 2503 563 2564 montanus
594 2503 693 2584 caput
731 2499 801 2584 lupi
831 2503 974 2564 assumet
1001 2499 1179 2582 dentesque
1211 2521 1286 2566 suos
1332 2579 1333 2582 Ἴ

247 2605 284 2668 in
305 2603 429 2668 fabrica
451 2603 599 2668 Sabrinae
623 2602 799 2682 dealbabit,

291 2705 476 2770 Associabit
508 2705 571 2770 sibi
601 2725 713 2792 greges
737 2705 942 2770 Albanorum
963 2709 998 2770 et
1020 2705 1209 2770 Kambriae8
1232 2707 1289 2792 qui

248 2807 440 2872 Tamensem
461 2807 607 2894 potando
629 2807 804 2872 siccabunt.

293 2909 434 2976 Vocabit
467 2909 577 2972 asinus
608 2909 735 2974 hircum
768 2909 906 2996 prolixae
935 2907 1049 2976 barbae
1082 2913 1116 2974 et
1151 2911 1291 2976 formam

250 3009 374 3098 ipsius⁹
396 3011 541 3076 mutabit
553 3031 562 3092 ;
574 3007 600 3046 ¹⁰

296 3113 527 3200 indignabitur
549 3113 654 3200 igitur
677 3117 855 3178 montanus
866 3111 888 3150 1¹
922 3125 1103 3200 vocatoque
1124 3113 1204 3200 lupo
1226 3135 1295 3180 cor·

251 3213 349 3280 nua¹²
371 3219 487 3280 taurus
509 3215 546 3280 in
567 3215 655 3302 ipsos
676 3215 761 3302 figet
773 3215 808 3296 3¹³

298 3313 417 3386 Oum¹l⁴
440 3323 552 3386 autem
584 3317 726 3386 saevitiae
742 3317 940 3398 indulserit,
981 3317 1155 3386 devorabit
1187 3343 1300 3386 carnes

254 3443 365 3488 eorum
391 3425 425 3488 et
448 3439 520 3488 ossa
542 3423 600 3488 sed
622 3421 659 3486 in
682 3421 849 3486 cacumine
871 3421 981 3486 uriam
1005 3421 1212 3488 cremabitur.

301 3523 440 3590 Fauillae
471 3521 594 3610 regis¹⁵
617 3523 842 3590 mutabuntur
865 3523 902 3586 in
924 3545 1055 3608 cygnos,
1081 3523 1198 3608 quiin
1220 3523 1302 3590 sicco

255 3627 349 3710 quasi
371 3625 406 3688 in
429 3625 569 3692 flumine
590 3627 783 3704 natabunt3

301 3727 519 3794 Devorabunt
539 3727 644 3814 pisces
678 3729 715 3794 in
748 3727 893 3814 piscibus
917 3731 951 3792 et
973 3725 1122 3792 homines
1143 3719 1180 3790 in
1203 3721 1306 3792 homi-

256 3825 355 3896 nibus
377 3829 573 3918 deglutient.
864 3827 865 3830 ’

1294 1109 1396 1164 Mcrlin.

295 4051 425 4118 ¹inicrint]
445 4053 548 4102 inerint.
593 4053 661 4102 B.D.
840 4049 1002 4118 8Κααηόνὶιιν]
1016 4049 1149 4100 Gambriae.
1183 4049 1215 4100 B.

291 4129 466 4196 ²promissam]
486 4145 542 4196 que.
555 4133 612 4182 add.
647 4131 712 4182 B.D.
842 4129 955 4196 ⁹ipcias]
974 4131 1032 4194 ipsi.
1065 4129 1131 4182 B.D.

292 4211 406 4276 matrs]
425 4211 538 4262 Written
568 4211 595 4260 in
621 4225 701 4276 marg.
731 4211 765 4260 A.
839 4213 860 4252 *⁰
872 4211 987 4278 mutabit]
1006 4211 1137 4262 mutuabit.
1170 4211 1237 4262 B.D.

260 4287 331 4352 lupus
341 4289 419 4354 being
430 4289 531 4340 written
542 4289 570 4338 in
581 4289 626 4340 the
641 4295 697 4340 text
716 4291 767 4340 and
841 4293 856 4322 ¹¹
870 4295 1010 4358 montanus]
1023 4295 1075 4342 bos.
1090 4295 1146 4344 add
1181 4293 1215 4342 D.

262 4361 424 4430 subpuucted.
841 4371 858 4400 ¹²
869 4373 974 4436 emano]
989 4379 1115 4422 cornutus.
1148 4371 1215 4422 B.D.

293 4445 425 4510 ⁴Eainde]
445 4445 522 4496 nxio.
540 4445 575 4496 A.
593 4445 671 4496 Exin.
700 4441 765 4496 B.D.
841 4451 859 4478 ¹³
863 4451 939 4514 figet]
959 4451 1041 4500 saciet.
1076 4451 1107 4502 B.
1142 4451 1185 4502 the
1205 4463 1223 4500 a
1241 4449 1315 4498 ande

293 4523 381 4590 5φατε]
401 4525 453 4590 qui.
488 4525 522 4574 D.
809 4529 1042 4592 scapranatae.
1075 4531 1110 4580 D.

293 4603 386 4670 aaare]
405 4603 471 4656 neci.
489 4603 563 4676 ¹B.D.
842 4607 859 4636 ¹⁴
875 4607 951 4674 cam]
969 4609 1014 4660 Ut.
1047 4611 1114 4662 B.D.

293 4683 477 4748 '‘quoscunque]
499 4697 618 4748 quosque.
653 4683 719 4734 B.D.
842 4687 858 4716 ¹⁵
870 4687 948 4752 repis]
968 4687 1032 4752 rogi.
1067 4691 1132 4740 B.D.

1262 1043 1411 1124 apheeyof
1510 1039 1511 1042 ’
