<?xml version="1.0" encoding="UTF-8"?>
<!DOCTYPE html PUBLIC "-//W3C//DTD XHTML 1.0 Transitional//EN"
    "http://www.w3.org/TR/xhtml1/DTD/xhtml1-transitional.dtd">
<html xmlns="http://www.w3.org/1999/xhtml" xml:lang="en" lang="en">
 <head>
  <title>
</title>
<meta http-equiv="Content-Type" content="text/html;charset=utf-8" />
  <meta name='ocr-system' content='tesseract 3.04.00' />
  <meta name='ocr-capabilities' content='ocr_page ocr_carea ocr_par ocr_line ocrx_word'/>
</head>
<body>
  <div class='ocr_page' id='page_1' title='image "./eulogiumhistori00abbegoog_0447.png"; bbox 0 0 3300 5666; ppageno 0'>
   <div class='ocr_carea' id='block_1_1' title="bbox 493 845 1239 908">
    <p class='ocr_par' dir='ltr' id='par_1_1' title="bbox 493 845 1239 908">
     <span class='ocr_line' id='line_1_1' title="bbox 493 845 1239 908; baseline -0.005 0"><span class='ocrx_word' id='word_1_1' title='bbox 493 845 558 908; x_wconf 81' lang='lat'>358</span> <span class='ocrx_word' id='word_1_2' title='bbox 788 855 972 904; x_wconf 47' lang='lat' dir='ltr'>noricorum</span> <span class='ocrx_word' id='word_1_3' title='bbox 995 853 1239 906; x_wconf 74' lang='lat' dir='ltr'>maronianum</span> 
     </span>
    </p>
   </div>
   <div class='ocr_carea' id='block_1_2' title="bbox 323 1023 1536 1114">
    <p class='ocr_par' dir='ltr' id='par_1_2' title="bbox 323 1023 1536 1114">
     <span class='ocr_line' id='line_1_2' title="bbox 323 1023 1536 1114; baseline 0.001 -23"><span class='ocrx_word' id='word_1_4' title='bbox 323 1023 452 1080; x_wconf 65' lang='lat' dir='ltr'>Thonis·</span> <span class='ocrx_word' id='word_1_5' title='bbox 492 1027 643 1110; x_wconf 83' lang='lat' dir='ltr'>Moruid,</span> <span class='ocrx_word' id='word_1_6' title='bbox 666 1029 777 1094; x_wconf 86' lang='lat' dir='ltr'>consul</span> <span class='ocrx_word' id='word_1_7' title='bbox 795 1027 1074 1108; x_wconf 76' lang='lat' dir='ltr'>Olaudjooestriae,</span> <span class='ocrx_word' id='word_1_8' title='bbox 1091 1049 1164 1094; x_wconf 88' lang='lat' dir='ltr'>oum</span> <span class='ocrx_word' id='word_1_9' title='bbox 1186 1029 1320 1114; x_wconf 81' lang='lat' dir='ltr'>logicae,</span> <span class='ocrx_word' id='word_1_10' title='bbox 1345 1049 1443 1114; x_wconf 84' lang='lat' dir='ltr'>quam</span> <span class='ocrx_word' id='word_1_11' title='bbox 1469 1037 1536 1092; x_wconf 88' lang='lat' dir='ltr'>esse</span> 
     </span>
    </p>
   </div>
   <div class='ocr_carea' id='block_1_3' title="bbox 323 1091 425 1222">
    <p class='ocr_par' dir='ltr' id='par_1_3' title="bbox 323 1091 425 1222">
     <span class='ocr_line' id='line_1_3' title="bbox 324 1091 425 1154; baseline 0.02 -16"><span class='ocrx_word' id='word_1_12' title='bbox 324 1097 382 1154; x_wconf 79' lang='lat' dir='ltr'>tory</span> <span class='ocrx_word' id='word_1_13' title='bbox 394 1091 425 1140; x_wconf 80' lang='lat' dir='ltr'>of</span> 
     </span>
     <span class='ocr_line' id='line_1_4' title="bbox 323 1157 388 1222; baseline 0 -16"><span class='ocrx_word' id='word_1_14' title='bbox 323 1157 388 1222; x_wconf 85' lang='lat' dir='ltr'>king</span> 
     </span>
    </p>
   </div>
   <div class='ocr_carea' id='block_1_4' title="bbox 324 1223 429 1278">
    <p class='ocr_par' dir='ltr' id='par_1_4' title="bbox 324 1223 429 1278">
     <span class='ocr_line' id='line_1_5' title="bbox 324 1223 429 1278; baseline 0.048 -6"><span class='ocrx_word' id='word_1_15' title='bbox 324 1223 429 1278; x_wconf 71' lang='lat' dir='ltr'>Arthur.</span> 
     </span>
    </p>
   </div>
   <div class='ocr_carea' id='block_1_5' title="bbox 491 1131 1538 1526">
    <p class='ocr_par' dir='ltr' id='par_1_5' title="bbox 491 1131 1538 1526">
     <span class='ocr_line' id='line_1_6' title="bbox 492 1131 1536 1218; baseline 0 -22"><span class='ocrx_word' id='word_1_16' title='bbox 492 1131 579 1196; x_wconf 87' lang='lat' dir='ltr'>infra</span> <span class='ocrx_word' id='word_1_17' title='bbox 615 1131 710 1196; x_wconf 88' lang='lat' dir='ltr'>colles</span> <span class='ocrx_word' id='word_1_18' title='bbox 746 1133 894 1218; x_wconf 90' lang='lat' dir='ltr'>superius</span> <span class='ocrx_word' id='word_1_19' title='bbox 933 1133 1013 1212; x_wconf 85' lang='lat' dir='ltr'>dixi,</span> <span class='ocrx_word' id='word_1_20' title='bbox 1052 1131 1162 1198; x_wconf 90' lang='lat' dir='ltr'>subito</span> <span class='ocrx_word' id='word_1_21' title='bbox 1200 1151 1296 1196; x_wconf 89' lang='lat' dir='ltr'>cursu</span> <span class='ocrx_word' id='word_1_22' title='bbox 1334 1131 1473 1196; x_wconf 86' lang='lat' dir='ltr'>occurrit</span> <span class='ocrx_word' id='word_1_23' title='bbox 1502 1135 1536 1196; x_wconf 90' lang='lat' dir='ltr'>et</span> 
     </span>
     <span class='ocr_line' id='line_1_7' title="bbox 492 1235 1537 1320; baseline 0 -22"><span class='ocrx_word' id='word_1_24' title='bbox 492 1235 601 1298; x_wconf 88' lang='lat' dir='ltr'>hostes</span> <span class='ocrx_word' id='word_1_25' title='bbox 630 1235 714 1298; x_wconf 88' lang='lat' dir='ltr'>nihil</span> <span class='ocrx_word' id='word_1_26' title='bbox 743 1235 810 1298; x_wconf 90' lang='lat' dir='ltr'>tale</span> <span class='ocrx_word' id='word_1_27' title='bbox 832 1235 1097 1320; x_wconf 83' lang='lat' dir='ltr'>praemeditantes</span> <span class='ocrx_word' id='word_1_28' title='bbox 1119 1257 1140 1298; x_wconf 89' lang='lat' dir='ltr'>a</span> <span class='ocrx_word' id='word_1_29' title='bbox 1162 1235 1257 1298; x_wconf 90' lang='lat' dir='ltr'>dorso</span> <span class='ocrx_word' id='word_1_30' title='bbox 1286 1235 1418 1316; x_wconf 86' lang='lat' dir='ltr'>invasit,</span> <span class='ocrx_word' id='word_1_31' title='bbox 1441 1253 1537 1320; x_wconf 87' lang='lat' dir='ltr'>pene-</span> 
     </span>
     <span class='ocr_line' id='line_1_8' title="bbox 491 1335 1535 1424; baseline 0 -24"><span class='ocrx_word' id='word_1_32' title='bbox 491 1337 603 1418; x_wconf 87' lang='lat' dir='ltr'>travit,</span> <span class='ocrx_word' id='word_1_33' title='bbox 627 1341 660 1402; x_wconf 88' lang='lat' dir='ltr'>et</span> <span class='ocrx_word' id='word_1_34' title='bbox 683 1337 866 1424; x_wconf 86' lang='lat' dir='ltr'>dissipavit,</span> <span class='ocrx_word' id='word_1_35' title='bbox 890 1343 925 1402; x_wconf 93' lang='lat' dir='ltr'>et</span> <span class='ocrx_word' id='word_1_36' title='bbox 954 1359 1108 1424; x_wconf 78' lang='lat' dir='ltr'>magnam</span> <span class='ocrx_word' id='word_1_37' title='bbox 1132 1341 1276 1424; x_wconf 79' lang='lat' dir='ltr'>stragem</span> <span class='ocrx_word' id='word_1_38' title='bbox 1298 1337 1383 1400; x_wconf 85' lang='lat' dir='ltr'>fecit.</span> <span class='ocrx_word' id='word_1_39' title='bbox 1444 1335 1535 1400; x_wconf 83' lang='lat' dir='ltr'>Tunc</span> 
     </span>
     <span class='ocr_line' id='line_1_9' title="bbox 491 1437 1538 1526; baseline 0 -24"><span class='ocrx_word' id='word_1_40' title='bbox 491 1439 583 1504; x_wconf 82' lang='lat' dir='ltr'>milia</span> <span class='ocrx_word' id='word_1_41' title='bbox 614 1439 834 1506; x_wconf 85' lang='lat' dir='ltr'>Romanorum</span> <span class='ocrx_word' id='word_1_42' title='bbox 866 1439 1060 1518; x_wconf 76' lang='lat' dir='ltr'>ceciderunt,</span> <span class='ocrx_word' id='word_1_43' title='bbox 1092 1445 1173 1506; x_wconf 88' lang='lat' dir='ltr'>tuno</span> <span class='ocrx_word' id='word_1_44' title='bbox 1204 1439 1324 1506; x_wconf 86' lang='lat' dir='ltr'>Lucius</span> <span class='ocrx_word' id='word_1_45' title='bbox 1361 1437 1538 1526; x_wconf 90' lang='lat' dir='ltr'>imperator</span> 
     </span>
    </p>
   </div>
   <div class='ocr_carea' id='block_1_6' title="bbox 421 1541 1539 1628">
    <p class='ocr_par' dir='ltr' id='par_1_6' title="bbox 421 1541 1539 1628">
     <span class='ocr_line' id='line_1_10' title="bbox 421 1541 1539 1628; baseline 0 -24"><span class='ocrx_word' id='word_1_46' title='bbox 421 1601 422 1604; x_wconf 74' lang='grc'>,</span> <span class='ocrx_word' id='word_1_47' title='bbox 489 1541 576 1604; x_wconf 85' lang='lat' dir='ltr'>infra</span> <span class='ocrx_word' id='word_1_48' title='bbox 597 1547 723 1606; x_wconf 90' lang='lat' dir='ltr'>turmas</span> <span class='ocrx_word' id='word_1_49' title='bbox 758 1547 934 1628; x_wconf 88' lang='lat' dir='ltr'>occupatus</span> <span class='ocrx_word' id='word_1_50' title='bbox 968 1541 1081 1606; x_wconf 86' lang='lat' dir='ltr'>lancea</span> <span class='ocrx_word' id='word_1_51' title='bbox 1115 1541 1283 1626; x_wconf 87' lang='lat' dir='ltr'>cujusdam</span> <span class='ocrx_word' id='word_1_52' title='bbox 1316 1541 1431 1606; x_wconf 89' lang='lat' dir='ltr'>militis</span> <span class='ocrx_word' id='word_1_53' title='bbox 1465 1561 1539 1604; x_wconf 84' lang='lat' dir='ltr'>con-</span> 
     </span>
    </p>
   </div>
   <div class='ocr_carea' id='block_1_7' title="bbox 482 1643 1593 3476">
    <p class='ocr_par' dir='ltr' id='par_1_7' title="bbox 489 1643 1537 1826">
     <span class='ocr_line' id='line_1_11' title="bbox 489 1643 1537 1728; baseline 0.008 -22"><span class='ocrx_word' id='word_1_54' title='bbox 489 1643 594 1708; x_wconf 86' lang='lat' dir='ltr'>fossus</span> <span class='ocrx_word' id='word_1_55' title='bbox 624 1643 751 1708; x_wconf 84' lang='lat' dir='ltr'>interiit</span> <span class='ocrx_word' id='word_1_56' title='bbox 763 1665 771 1722; x_wconf 81' lang='lat'>3</span> <span class='ocrx_word' id='word_1_57' title='bbox 806 1647 842 1706; x_wconf 90' lang='lat' dir='ltr'>at</span> <span class='ocrx_word' id='word_1_58' title='bbox 875 1643 1029 1706; x_wconf 85' lang='lat' dir='ltr'>Britones</span> <span class='ocrx_word' id='word_1_59' title='bbox 1063 1663 1166 1728; x_wconf 90' lang='lat' dir='ltr'>usque</span> <span class='ocrx_word' id='word_1_60' title='bbox 1197 1643 1446 1710; x_wconf 85' lang='lat' dir='ltr'>insistententes</span> <span class='ocrx_word' id='word_1_61' title='bbox 1471 1643 1537 1714; x_wconf 78' lang='lat' dir='ltr'>vio-</span> 
     </span>
     <span class='ocr_line' id='line_1_12' title="bbox 490 1743 1249 1826; baseline 0 -16"><span class='ocrx_word' id='word_1_62' title='bbox 490 1745 618 1826; x_wconf 87' lang='lat' dir='ltr'>toriam,</span> <span class='ocrx_word' id='word_1_63' title='bbox 641 1745 717 1810; x_wconf 88' lang='lat' dir='ltr'>licet</span> <span class='ocrx_word' id='word_1_64' title='bbox 740 1743 886 1810; x_wconf 84' lang='lat' dir='ltr'>maximo</span> <span class='ocrx_word' id='word_1_65' title='bbox 905 1745 1029 1824; x_wconf 89' lang='lat' dir='ltr'>labore,</span> <span class='ocrx_word' id='word_1_66' title='bbox 1054 1745 1249 1810; x_wconf 88' lang='lat' dir='ltr'>habuerunt.</span> 
     </span>
    </p>

    <p class='ocr_par' dir='ltr' id='par_1_8' title="bbox 486 1845 1593 2556">
     <span class='ocr_line' id='line_1_13' title="bbox 535 1845 1540 1934; baseline 0.002 -24"><span class='ocrx_word' id='word_1_67' title='bbox 535 1847 724 1934; x_wconf 81' lang='lat' dir='ltr'>Disgregati</span> <span class='ocrx_word' id='word_1_68' title='bbox 746 1847 870 1934; x_wconf 82' lang='lat' dir='ltr'>igitur¹</span> <span class='ocrx_word' id='word_1_69' title='bbox 905 1847 1046 1912; x_wconf 89' lang='lat' dir='ltr'>Romani</span> <span class='ocrx_word' id='word_1_70' title='bbox 1069 1847 1191 1934; x_wconf 88' lang='lat' dir='ltr'>partim</span> <span class='ocrx_word' id='word_1_71' title='bbox 1219 1845 1315 1912; x_wconf 87' lang='lat' dir='ltr'>devia</span> <span class='ocrx_word' id='word_1_72' title='bbox 1345 1853 1379 1914; x_wconf 93' lang='lat' dir='ltr'>et</span> <span class='ocrx_word' id='word_1_73' title='bbox 1408 1869 1540 1914; x_wconf 87' lang='lat' dir='ltr'>nemora</span> 
     </span>
     <span class='ocr_line' id='line_1_14' title="bbox 491 1949 1541 2036; baseline 0.002 -22"><span class='ocrx_word' id='word_1_74' title='bbox 491 1949 671 2036; x_wconf 77' lang='lat' dir='ltr'>coagente²</span> <span class='ocrx_word' id='word_1_75' title='bbox 709 1949 826 2014; x_wconf 89' lang='lat' dir='ltr'>timore</span> <span class='ocrx_word' id='word_1_76' title='bbox 867 1949 1053 2036; x_wconf 71' lang='lat' dir='ltr'>carpebant,</span> <span class='ocrx_word' id='word_1_77' title='bbox 1087 1949 1211 2036; x_wconf 86' lang='lat' dir='ltr'>partim</span> <span class='ocrx_word' id='word_1_78' title='bbox 1247 1951 1290 2014; x_wconf 90' lang='lat' dir='ltr'>ad</span> <span class='ocrx_word' id='word_1_79' title='bbox 1323 1949 1473 2016; x_wconf 87' lang='lat' dir='ltr'>civitates</span> <span class='ocrx_word' id='word_1_80' title='bbox 1507 1955 1541 2016; x_wconf 88' lang='lat' dir='ltr'>et</span> 
     </span>
     <span class='ocr_line' id='line_1_15' title="bbox 490 2051 1541 2138; baseline 0 -22"><span class='ocrx_word' id='word_1_81' title='bbox 490 2051 609 2138; x_wconf 86' lang='lat' dir='ltr'>oppida</span> <span class='ocrx_word' id='word_1_82' title='bbox 632 2055 666 2114; x_wconf 90' lang='lat' dir='ltr'>et</span> <span class='ocrx_word' id='word_1_83' title='bbox 689 2051 732 2114; x_wconf 92' lang='lat' dir='ltr'>ad</span> <span class='ocrx_word' id='word_1_84' title='bbox 756 2073 894 2138; x_wconf 87' lang='lat' dir='ltr'>quaeque</span> <span class='ocrx_word' id='word_1_85' title='bbox 917 2051 1085 2116; x_wconf 87' lang='lat' dir='ltr'>tutissima</span> <span class='ocrx_word' id='word_1_86' title='bbox 1116 2053 1186 2116; x_wconf 88' lang='lat' dir='ltr'>loca</span> <span class='ocrx_word' id='word_1_87' title='bbox 1209 2051 1435 2138; x_wconf 79' lang='lat' dir='ltr'>diffugiebant,</span> <span class='ocrx_word' id='word_1_88' title='bbox 1461 2075 1541 2138; x_wconf 91' lang='lat' dir='ltr'>quos</span> 
     </span>
     <span class='ocr_line' id='line_1_16' title="bbox 490 2149 1537 2240; baseline -0.001 -22"><span class='ocrx_word' id='word_1_89' title='bbox 490 2155 639 2220; x_wconf 88' lang='lat' dir='ltr'>Britones</span> <span class='ocrx_word' id='word_1_90' title='bbox 678 2149 767 2220; x_wconf 88' lang='lat' dir='ltr'>omni</span> <span class='ocrx_word' id='word_1_91' title='bbox 794 2155 868 2220; x_wconf 90' lang='lat' dir='ltr'>nisu</span> <span class='ocrx_word' id='word_1_92' title='bbox 900 2155 1103 2240; x_wconf 84' lang='lat' dir='ltr'>insequendo</span> <span class='ocrx_word' id='word_1_93' title='bbox 1133 2153 1317 2220; x_wconf 87' lang='lat' dir='ltr'>miseranda</span> <span class='ocrx_word' id='word_1_94' title='bbox 1349 2153 1437 2222; x_wconf 86' lang='lat' dir='ltr'>caede</span> <span class='ocrx_word' id='word_1_95' title='bbox 1469 2153 1537 2218; x_wconf 90' lang='lat' dir='ltr'>affi-</span> 
     </span>
     <span class='ocr_line' id='line_1_17' title="bbox 487 2255 1593 2346; baseline -0.002 -22"><span class='ocrx_word' id='word_1_96' title='bbox 487 2259 586 2336; x_wconf 85' lang='lat' dir='ltr'>ciunt,</span> <span class='ocrx_word' id='word_1_97' title='bbox 611 2259 754 2346; x_wconf 86' lang='lat' dir='ltr'>capiunt,</span> <span class='ocrx_word' id='word_1_98' title='bbox 779 2257 978 2344; x_wconf 74' lang='lat' dir='ltr'>despoliant,</span> <span class='ocrx_word' id='word_1_99' title='bbox 1001 2255 1137 2344; x_wconf 77' lang='lat' dir='ltr'>itaque³</span> <span class='ocrx_word' id='word_1_100' title='bbox 1160 2257 1306 2322; x_wconf 83' lang='lat' dir='ltr'>maxima</span> <span class='ocrx_word' id='word_1_101' title='bbox 1328 2279 1404 2344; x_wconf 93' lang='lat' dir='ltr'>pars</span> <span class='ocrx_word' id='word_1_102' title='bbox 1427 2279 1539 2324; x_wconf 90' lang='lat' dir='ltr'>eorum</span> <span class='ocrx_word' id='word_1_103' title='bbox 1590 2305 1593 2310; x_wconf 71' lang='lat'>,</span> 
     </span>
     <span class='ocr_line' id='line_1_18' title="bbox 486 2358 1539 2448; baseline 0 -22"><span class='ocrx_word' id='word_1_104' title='bbox 486 2363 574 2428; x_wconf 88' lang='lat' dir='ltr'>ultro</span> <span class='ocrx_word' id='word_1_105' title='bbox 612 2361 810 2448; x_wconf 89' lang='lat' dir='ltr'>procedebat</span> <span class='ocrx_word' id='word_1_106' title='bbox 847 2383 966 2426; x_wconf 88' lang='lat' dir='ltr'>manus</span> <span class='ocrx_word' id='word_1_107' title='bbox 1001 2383 1077 2426; x_wconf 83' lang='lat' dir='ltr'>suaa</span> <span class='ocrx_word' id='word_1_108' title='bbox 1109 2358 1314 2426; x_wconf 87' lang='lat' dir='ltr'>muliebriter</span> <span class='ocrx_word' id='word_1_109' title='bbox 1348 2361 1539 2426; x_wconf 86' lang='lat' dir='ltr'>vinciendas</span> 
     </span>
     <span class='ocr_line' id='line_1_19' title="bbox 490 2463 1586 2556; baseline 0 -28"><span class='ocrx_word' id='word_1_110' title='bbox 490 2469 529 2528; x_wconf 84' lang='lat' dir='ltr'>ut</span> <span class='ocrx_word' id='word_1_111' title='bbox 552 2465 729 2550; x_wconf 86' lang='lat' dir='ltr'>paucillum</span> <span class='ocrx_word' id='word_1_112' title='bbox 752 2463 897 2552; x_wconf 86' lang='lat' dir='ltr'>spatium</span> <span class='ocrx_word' id='word_1_113' title='bbox 922 2465 1059 2530; x_wconf 84' lang='lat' dir='ltr'>vivendi</span> <span class='ocrx_word' id='word_1_114' title='bbox 1085 2463 1286 2528; x_wconf 74' lang='lat' dir='ltr'>habuissent.</span> <span class='ocrx_word' id='word_1_115' title='bbox 1584 2549 1586 2556; x_wconf 46' lang='lat'>,</span> 
     </span>
    </p>

    <p class='ocr_par' dir='ltr' id='par_1_9' title="bbox 482 2565 1543 3476">
     <span class='ocr_line' id='line_1_20' title="bbox 533 2565 1543 2654; baseline 0.002 -24"><span class='ocrx_word' id='word_1_116' title='bbox 533 2565 661 2632; x_wconf 87' lang='lat' dir='ltr'>Habita</span> <span class='ocrx_word' id='word_1_117' title='bbox 693 2567 834 2654; x_wconf 89' lang='lat' dir='ltr'>denique</span> <span class='ocrx_word' id='word_1_118' title='bbox 858 2567 1000 2632; x_wconf 77' lang='lat' dir='ltr'>victoria</span> <span class='ocrx_word' id='word_1_119' title='bbox 1015 2567 1096 2648; x_wconf 84' lang='lat' dir='ltr'>illa,</span> <span class='ocrx_word' id='word_1_120' title='bbox 1118 2565 1285 2630; x_wconf 84' lang='lat' dir='ltr'>Artburus</span> <span class='ocrx_word' id='word_1_121' title='bbox 1316 2587 1450 2654; x_wconf 76' lang='lat' dir='ltr'>corpora</span> <span class='ocrx_word' id='word_1_122' title='bbox 1471 2587 1543 2654; x_wconf 87' lang='lat' dir='ltr'>pro-</span> 
     </span>
     <span class='ocr_line' id='line_1_21' title="bbox 488 2665 1540 2758; baseline -0.002 -22"><span class='ocrx_word' id='word_1_123' title='bbox 488 2693 597 2736; x_wconf 87' lang='lat' dir='ltr'>cerum</span> <span class='ocrx_word' id='word_1_124' title='bbox 642 2691 774 2736; x_wconf 87' lang='lat' dir='ltr'>suorum</span> <span class='ocrx_word' id='word_1_125' title='bbox 812 2669 855 2736; x_wconf 92' lang='lat' dir='ltr'>ab</span> <span class='ocrx_word' id='word_1_126' title='bbox 900 2669 1077 2756; x_wconf 84' lang='lat' dir='ltr'>hostilibus</span> <span class='ocrx_word' id='word_1_127' title='bbox 1123 2665 1362 2736; x_wconf 76' lang='lat' dir='ltr'>cadaueribus4</span> <span class='ocrx_word' id='word_1_128' title='bbox 1400 2669 1540 2758; x_wconf 83' lang='lat' dir='ltr'>separari</span> 
     </span>
     <span class='ocr_line' id='line_1_22' title="bbox 482 2773 1539 2862; baseline 0 -24"><span class='ocrx_word' id='word_1_129' title='bbox 482 2773 601 2860; x_wconf 61' lang='grc' dir='ltr'>3111111,ὃ</span> <span class='ocrx_word' id='word_1_130' title='bbox 640 2777 804 2862; x_wconf 85' lang='lat' dir='ltr'>separata</span> <span class='ocrx_word' id='word_1_131' title='bbox 833 2777 945 2840; x_wconf 86' lang='lat' dir='ltr'>autem</span> <span class='ocrx_word' id='word_1_132' title='bbox 989 2775 1079 2862; x_wconf 84' lang='lat' dir='ltr'>regio</span> <span class='ocrx_word' id='word_1_133' title='bbox 1125 2795 1215 2840; x_wconf 83' lang='lat' dir='ltr'>more</span> <span class='ocrx_word' id='word_1_134' title='bbox 1262 2773 1386 2858; x_wconf 86' lang='lat' dir='ltr'>parari,</span> <span class='ocrx_word' id='word_1_135' title='bbox 1422 2777 1539 2860; x_wconf 85' lang='lat' dir='ltr'>parata</span> 
     </span>
     <span class='ocr_line' id='line_1_23' title="bbox 489 2873 1541 2962; baseline -0.002 -20"><span class='ocrx_word' id='word_1_136' title='bbox 489 2873 627 2942; x_wconf 81' lang='lat' dir='ltr'>antem6</span> <span class='ocrx_word' id='word_1_137' title='bbox 651 2873 694 2942; x_wconf 86' lang='lat' dir='ltr'>ad</span> <span class='ocrx_word' id='word_1_138' title='bbox 730 2875 1008 2962; x_wconf 76' lang='lat' dir='ltr'>conprovinciales</span> <span class='ocrx_word' id='word_1_139' title='bbox 1038 2875 1188 2942; x_wconf 86' lang='lat' dir='ltr'>abbatias</span> <span class='ocrx_word' id='word_1_140' title='bbox 1218 2875 1336 2940; x_wconf 84' lang='lat' dir='ltr'>deferri</span> <span class='ocrx_word' id='word_1_141' title='bbox 1358 2879 1398 2940; x_wconf 88' lang='lat' dir='ltr'>ut</span> <span class='ocrx_word' id='word_1_142' title='bbox 1418 2875 1541 2940; x_wconf 82' lang='lat' dir='ltr'>ibidem</span> 
     </span>
     <span class='ocr_line' id='line_1_24' title="bbox 485 2975 1542 3064; baseline -0.002 -20"><span class='ocrx_word' id='word_1_143' title='bbox 485 2979 664 3044; x_wconf 85' lang='lat' dir='ltr'>honorifice</span> <span class='ocrx_word' id='word_1_144' title='bbox 699 2979 921 3064; x_wconf 80' lang='lat' dir='ltr'>sepelirentur.</span> <span class='ocrx_word' id='word_1_145' title='bbox 1004 2977 1054 3044; x_wconf 87' lang='lat' dir='ltr'>At</span> <span class='ocrx_word' id='word_1_146' title='bbox 1092 2977 1269 3044; x_wconf 84' lang='lat' dir='ltr'>Bedwerus</span> <span class='ocrx_word' id='word_1_147' title='bbox 1306 2979 1461 3064; x_wconf 87' lang='lat' dir='ltr'>pincerna</span> <span class='ocrx_word' id='word_1_148' title='bbox 1498 2975 1542 3042; x_wconf 89' lang='lat' dir='ltr'>ad</span> 
     </span>
     <span class='ocr_line' id='line_1_25' title="bbox 486 3077 1543 3168; baseline 0 -22"><span class='ocrx_word' id='word_1_149' title='bbox 486 3083 624 3146; x_wconf 86' lang='lat' dir='ltr'>Baiocas</span> <span class='ocrx_word' id='word_1_150' title='bbox 662 3083 831 3146; x_wconf 84' lang='lat' dir='ltr'>civitatem</span> <span class='ocrx_word' id='word_1_151' title='bbox 863 3101 964 3158; x_wconf 88' lang='lat' dir='ltr'>snam,</span> <span class='ocrx_word' id='word_1_152' title='bbox 998 3101 1097 3166; x_wconf 90' lang='lat' dir='ltr'>quam</span> <span class='ocrx_word' id='word_1_153' title='bbox 1136 3077 1317 3146; x_wconf 87' lang='lat' dir='ltr'>Bedwerus</span> <span class='ocrx_word' id='word_1_154' title='bbox 1353 3083 1479 3168; x_wconf 88' lang='lat' dir='ltr'>primus</span> <span class='ocrx_word' id='word_1_155' title='bbox 1508 3085 1543 3146; x_wconf 83' lang='lat' dir='ltr'>et</span> 
     </span>
     <span class='ocr_line' id='line_1_26' title="bbox 485 3177 1543 3270; baseline 0 -22"><span class='ocrx_word' id='word_1_156' title='bbox 485 3205 627 3270; x_wconf 82' lang='lat' dir='ltr'>proavus</span> <span class='ocrx_word' id='word_1_157' title='bbox 650 3177 738 3248; x_wconf 87' lang='lat' dir='ltr'>suus</span> <span class='ocrx_word' id='word_1_158' title='bbox 751 3183 984 3262; x_wconf 82' lang='lat' dir='ltr'>aedificaverat,</span> <span class='ocrx_word' id='word_1_159' title='bbox 1000 3183 1042 3248; x_wconf 90' lang='lat' dir='ltr'>ab</span> <span class='ocrx_word' id='word_1_160' title='bbox 1066 3183 1332 3250; x_wconf 85' lang='lat' dir='ltr'>Estrusiensibus</span> <span class='ocrx_word' id='word_1_161' title='bbox 1354 3205 1428 3248; x_wconf 88' lang='lat' dir='ltr'>cum</span> <span class='ocrx_word' id='word_1_162' title='bbox 1451 3205 1543 3248; x_wconf 82' lang='lat' dir='ltr'>max-</span> 
     </span>
     <span class='ocr_line' id='line_1_27' title="bbox 485 3285 1541 3374; baseline 0 -24"><span class='ocrx_word' id='word_1_163' title='bbox 485 3287 561 3352; x_wconf 90' lang='lat' dir='ltr'>imis</span> <span class='ocrx_word' id='word_1_164' title='bbox 597 3287 752 3350; x_wconf 87' lang='lat' dir='ltr'>lamentis</span> <span class='ocrx_word' id='word_1_165' title='bbox 784 3287 986 3372; x_wconf 88' lang='lat' dir='ltr'>deportatur,</span> <span class='ocrx_word' id='word_1_166' title='bbox 1017 3285 1066 3352; x_wconf 88' lang='lat' dir='ltr'>ibi</span> <span class='ocrx_word' id='word_1_167' title='bbox 1096 3287 1133 3350; x_wconf 90' lang='lat' dir='ltr'>in</span> <span class='ocrx_word' id='word_1_168' title='bbox 1171 3287 1314 3374; x_wconf 88' lang='lat' dir='ltr'>quodam</span> <span class='ocrx_word' id='word_1_169' title='bbox 1356 3289 1541 3354; x_wconf 88' lang='lat' dir='ltr'>coemeterio</span> 
     </span>
     <span class='ocr_line' id='line_1_28' title="bbox 484 3385 1541 3476; baseline 0.004 -24"><span class='ocrx_word' id='word_1_170' title='bbox 484 3389 572 3476; x_wconf 88' lang='lat' dir='ltr'>quod</span> <span class='ocrx_word' id='word_1_171' title='bbox 609 3389 645 3454; x_wconf 88' lang='lat' dir='ltr'>in</span> <span class='ocrx_word' id='word_1_172' title='bbox 675 3387 825 3454; x_wconf 80' lang='lat' dir='ltr'>Australi</span> <span class='ocrx_word' id='word_1_173' title='bbox 859 3391 953 3476; x_wconf 88' lang='lat' dir='ltr'>parte</span> <span class='ocrx_word' id='word_1_174' title='bbox 989 3389 1135 3454; x_wconf 86' lang='lat' dir='ltr'>civitatis</span> <span class='ocrx_word' id='word_1_175' title='bbox 1173 3385 1245 3454; x_wconf 85' lang='lat' dir='ltr'>erat</span> <span class='ocrx_word' id='word_1_176' title='bbox 1277 3389 1380 3476; x_wconf 85' lang='lat' dir='ltr'>juxta</span> <span class='ocrx_word' id='word_1_177' title='bbox 1409 3411 1541 3456; x_wconf 87' lang='lat' dir='ltr'>murum</span> 
     </span>
    </p>
   </div>
   <div class='ocr_carea' id='block_1_8' title="bbox 380 3489 922 3578">
    <p class='ocr_par' dir='ltr' id='par_1_10' title="bbox 380 3489 922 3578">
     <span class='ocr_line' id='line_1_29' title="bbox 380 3489 922 3578; baseline 0 -22"><span class='ocrx_word' id='word_1_178' title='bbox 380 3495 381 3498; x_wconf 70' lang='grc'>’</span> <span class='ocrx_word' id='word_1_179' title='bbox 483 3491 660 3558; x_wconf 88' lang='lat' dir='ltr'>honorifice</span> <span class='ocrx_word' id='word_1_180' title='bbox 683 3491 811 3578; x_wconf 88' lang='lat' dir='ltr'>positus</span> <span class='ocrx_word' id='word_1_181' title='bbox 833 3489 922 3556; x_wconf 61' lang='lat' dir='ltr'>fuis?</span> 
     </span>
    </p>
   </div>
   <div class='ocr_carea' id='block_1_9' title="bbox 483 3591 1614 4298">
    <p class='ocr_par' dir='ltr' id='par_1_11' title="bbox 484 3591 1542 4092">
     <span class='ocr_line' id='line_1_30' title="bbox 530 3591 1539 3684; baseline 0.004 -26"><span class='ocrx_word' id='word_1_182' title='bbox 530 3593 647 3682; x_wconf 85' lang='lat' dir='ltr'>Kayus</span> <span class='ocrx_word' id='word_1_183' title='bbox 679 3599 789 3660; x_wconf 88' lang='lat' dir='ltr'>autem</span> <span class='ocrx_word' id='word_1_184' title='bbox 821 3595 864 3660; x_wconf 90' lang='lat' dir='ltr'>ad</span> <span class='ocrx_word' id='word_1_185' title='bbox 896 3593 1036 3662; x_wconf 78' lang='lat' dir='ltr'>Carnum</span> <span class='ocrx_word' id='word_1_186' title='bbox 1060 3595 1228 3682; x_wconf 85' lang='lat' dir='ltr'>oppidum,</span> <span class='ocrx_word' id='word_1_187' title='bbox 1261 3597 1349 3682; x_wconf 89' lang='lat' dir='ltr'>quod</span> <span class='ocrx_word' id='word_1_188' title='bbox 1372 3593 1441 3684; x_wconf 86' lang='lat' dir='ltr'>ipse</span> <span class='ocrx_word' id='word_1_189' title='bbox 1457 3591 1539 3662; x_wconf 54' lang='lat' dir='ltr'>&#39;cons</span> 
     </span>
     <span class='ocr_line' id='line_1_31' title="bbox 485 3697 1542 3786; baseline 0 -22"><span class='ocrx_word' id='word_1_190' title='bbox 485 3701 660 3776; x_wconf 88' lang='lat' dir='ltr'>struxerat,</span> <span class='ocrx_word' id='word_1_191' title='bbox 686 3699 834 3786; x_wconf 78' lang='lat' dir='ltr'>graviter</span> <span class='ocrx_word' id='word_1_192' title='bbox 861 3697 1054 3764; x_wconf 86' lang='lat' dir='ltr'>vulneratus</span> <span class='ocrx_word' id='word_1_193' title='bbox 1079 3703 1276 3786; x_wconf 84' lang='lat' dir='ltr'>asportatur,</span> <span class='ocrx_word' id='word_1_194' title='bbox 1294 3703 1328 3764; x_wconf 88' lang='lat' dir='ltr'>et</span> <span class='ocrx_word' id='word_1_195' title='bbox 1345 3701 1443 3786; x_wconf 90' lang='lat' dir='ltr'>paulo</span> <span class='ocrx_word' id='word_1_196' title='bbox 1468 3703 1542 3786; x_wconf 88' lang='lat' dir='ltr'>post</span> 
     </span>
     <span class='ocr_line' id='line_1_32' title="bbox 484 3801 1542 3888; baseline 0 -22"><span class='ocrx_word' id='word_1_197' title='bbox 484 3801 598 3872; x_wconf 85' lang='lat' dir='ltr'>eodem</span> <span class='ocrx_word' id='word_1_198' title='bbox 628 3801 764 3870; x_wconf 85' lang='lat' dir='ltr'>vulnere</span> <span class='ocrx_word' id='word_1_199' title='bbox 792 3801 969 3866; x_wconf 82' lang='lat' dir='ltr'>defunctus</span> <span class='ocrx_word' id='word_1_200' title='bbox 995 3803 1032 3866; x_wconf 90' lang='lat' dir='ltr'>in</span> <span class='ocrx_word' id='word_1_201' title='bbox 1055 3803 1195 3888; x_wconf 87' lang='lat' dir='ltr'>quodam</span> <span class='ocrx_word' id='word_1_202' title='bbox 1221 3823 1354 3866; x_wconf 86' lang='lat' dir='ltr'>nemore</span> <span class='ocrx_word' id='word_1_203' title='bbox 1376 3803 1413 3866; x_wconf 87' lang='lat' dir='ltr'>in</span> <span class='ocrx_word' id='word_1_204' title='bbox 1435 3823 1542 3866; x_wconf 91' lang='lat' dir='ltr'>coeno·</span> 
     </span>
     <span class='ocr_line' id='line_1_33' title="bbox 485 3905 1542 3992; baseline 0 -24"><span class='ocrx_word' id='word_1_205' title='bbox 485 3905 541 3968; x_wconf 92' lang='lat' dir='ltr'>bio</span> <span class='ocrx_word' id='word_1_206' title='bbox 580 3905 801 3986; x_wconf 81' lang='lat' dir='ltr'>eremitarum,</span> <span class='ocrx_word' id='word_1_207' title='bbox 840 3905 897 3988; x_wconf 86' lang='lat' dir='ltr'>qui</span> <span class='ocrx_word' id='word_1_208' title='bbox 942 3905 1065 3968; x_wconf 88' lang='lat' dir='ltr'>ibidem</span> <span class='ocrx_word' id='word_1_209' title='bbox 1104 3925 1173 3968; x_wconf 90' lang='lat' dir='ltr'>non</span> <span class='ocrx_word' id='word_1_210' title='bbox 1210 3905 1306 3992; x_wconf 83' lang='lat' dir='ltr'>longe</span> <span class='ocrx_word' id='word_1_211' title='bbox 1344 3905 1388 3968; x_wconf 86' lang='lat' dir='ltr'>ab</span> <span class='ocrx_word' id='word_1_212' title='bbox 1424 3905 1542 3990; x_wconf 88' lang='lat' dir='ltr'>oppido</span> 
     </span>
     <span class='ocr_line' id='line_1_34' title="bbox 486 4005 1527 4092; baseline 0.001 -22"><span class='ocrx_word' id='word_1_213' title='bbox 486 4013 590 4084; x_wconf 86' lang='lat' dir='ltr'>erant,</span> <span class='ocrx_word' id='word_1_214' title='bbox 614 4011 653 4070; x_wconf 87' lang='lat' dir='ltr'>ut</span> <span class='ocrx_word' id='word_1_215' title='bbox 678 4007 790 4072; x_wconf 89' lang='lat' dir='ltr'>decuit</span> <span class='ocrx_word' id='word_1_216' title='bbox 817 4005 1110 4092; x_wconf 85' lang='lat' dir='ltr'>Andegauensium</span> <span class='ocrx_word' id='word_1_217' title='bbox 1138 4007 1263 4088; x_wconf 87' lang='lat' dir='ltr'>ducem,</span> <span class='ocrx_word' id='word_1_218' title='bbox 1288 4007 1445 4072; x_wconf 86' lang='lat' dir='ltr'>humatus</span> <span class='ocrx_word' id='word_1_219' title='bbox 1471 4011 1527 4072; x_wconf 88' lang='lat' dir='ltr'>est.</span> 
     </span>
    </p>

    <p class='ocr_par' dir='ltr' id='par_1_12' title="bbox 483 4107 1614 4298">
     <span class='ocr_line' id='line_1_35' title="bbox 533 4107 1614 4196; baseline 0.002 -24"><span class='ocrx_word' id='word_1_220' title='bbox 533 4109 702 4174; x_wconf 89' lang='lat' dir='ltr'>Holdinus</span> <span class='ocrx_word' id='word_1_221' title='bbox 733 4129 864 4196; x_wconf 86' lang='lat' dir='ltr'>quoqne</span> <span class='ocrx_word' id='word_1_222' title='bbox 890 4109 960 4174; x_wconf 85' lang='lat' dir='ltr'>dux</span> <span class='ocrx_word' id='word_1_223' title='bbox 986 4109 1194 4174; x_wconf 85' lang='lat' dir='ltr'>Rutenorum</span> <span class='ocrx_word' id='word_1_224' title='bbox 1218 4109 1392 4176; x_wconf 83' lang='lat' dir='ltr'>Flandrias</span> <span class='ocrx_word' id='word_1_225' title='bbox 1415 4107 1543 4176; x_wconf 87' lang='lat' dir='ltr'>delatus</span> <span class='ocrx_word' id='word_1_226' title='bbox 1613 4113 1614 4116; x_wconf 72' lang='grc'>’</span> 
     </span>
     <span class='ocr_line' id='line_1_36' title="bbox 483 4209 1542 4298; baseline 0 -24"><span class='ocrx_word' id='word_1_227' title='bbox 483 4211 518 4274; x_wconf 86' lang='lat' dir='ltr'>in</span> <span class='ocrx_word' id='word_1_228' title='bbox 542 4211 687 4276; x_wconf 84' lang='lat' dir='ltr'>Tiruana</span> <span class='ocrx_word' id='word_1_229' title='bbox 716 4209 874 4278; x_wconf 78' lang='lat' dir='ltr'>civitate8</span> <span class='ocrx_word' id='word_1_230' title='bbox 896 4213 1043 4298; x_wconf 91' lang='lat' dir='ltr'>sepultus</span> <span class='ocrx_word' id='word_1_231' title='bbox 1073 4217 1131 4278; x_wconf 87' lang='lat' dir='ltr'>est.</span> <span class='ocrx_word' id='word_1_232' title='bbox 1178 4211 1298 4278; x_wconf 72' lang='lat' dir='ltr'>(laeteri</span> <span class='ocrx_word' id='word_1_233' title='bbox 1322 4217 1434 4278; x_wconf 84' lang='lat' dir='ltr'>autern</span> <span class='ocrx_word' id='word_1_234' title='bbox 1466 4229 1542 4276; x_wconf 78' lang='lat' dir='ltr'>oon·-</span> 
     </span>
    </p>
   </div>
   <div class='ocr_carea' id='block_1_10' title="bbox 484 4453 1542 4836">
    <p class='ocr_par' dir='ltr' id='par_1_13' title="bbox 518 4453 1365 4520">
     <span class='ocr_line' id='line_1_37' title="bbox 518 4453 1365 4520; baseline 0.005 -18"><span class='ocrx_word' id='word_1_235' title='bbox 518 4455 624 4518; x_wconf 77' lang='lat' dir='ltr'>¹i9itur]</span> <span class='ocrx_word' id='word_1_236' title='bbox 644 4469 711 4518; x_wconf 79' lang='lat' dir='ltr'>ergo.</span> <span class='ocrx_word' id='word_1_237' title='bbox 745 4455 776 4506; x_wconf 89' lang='grc' dir='ltr'>Β.</span> <span class='ocrx_word' id='word_1_238' title='bbox 811 4471 860 4506; x_wconf 84' lang='lat' dir='ltr'>om.</span> <span class='ocrx_word' id='word_1_239' title='bbox 893 4457 927 4506; x_wconf 87' lang='lat' dir='ltr'>D.</span> <span class='ocrx_word' id='word_1_240' title='bbox 1068 4457 1077 4484; x_wconf 89' lang='lat'>⁵</span> <span class='ocrx_word' id='word_1_241' title='bbox 1083 4453 1167 4520; x_wconf 78' lang='lat' dir='ltr'>jubet]</span> <span class='ocrx_word' id='word_1_242' title='bbox 1184 4457 1267 4520; x_wconf 85' lang='lat' dir='ltr'>jussit.</span> <span class='ocrx_word' id='word_1_243' title='bbox 1301 4457 1365 4506; x_wconf 87' lang='lat' dir='ltr'>B.D.</span> 
     </span>
    </p>

    <p class='ocr_par' dir='ltr' id='par_1_14' title="bbox 517 4533 1342 4598">
     <span class='ocr_line' id='line_1_38' title="bbox 517 4533 1342 4598; baseline -0.002 -12"><span class='ocrx_word' id='word_1_244' title='bbox 517 4533 652 4598; x_wconf 65' lang='lat' dir='ltr'>lcocpcurc]</span> <span class='ocrx_word' id='word_1_245' title='bbox 673 4539 784 4598; x_wconf 82' lang='lat' dir='ltr'>cogente.</span> <span class='ocrx_word' id='word_1_246' title='bbox 818 4533 886 4584; x_wconf 62' lang='grc' dir='ltr'>ΒΑ).</span> <span class='ocrx_word' id='word_1_247' title='bbox 1070 4535 1179 4598; x_wconf 68' lang='grc' dir='ltr'>Β11111111]</span> <span class='ocrx_word' id='word_1_248' title='bbox 1199 4535 1274 4586; x_wconf 87' lang='lat' dir='ltr'>enim.</span> <span class='ocrx_word' id='word_1_249' title='bbox 1307 4535 1342 4584; x_wconf 91' lang='lat' dir='ltr'>D.</span> 
     </span>
    </p>

    <p class='ocr_par' dir='ltr' id='par_1_15' title="bbox 484 4611 1542 4836">
     <span class='ocr_line' id='line_1_39' title="bbox 516 4611 1469 4678; baseline 0 -18"><span class='ocrx_word' id='word_1_250' title='bbox 516 4611 632 4676; x_wconf 78' lang='lat' dir='ltr'>³ithce]</span> <span class='ocrx_word' id='word_1_251' title='bbox 651 4611 771 4676; x_wconf 84' lang='lat' dir='ltr'>itaquod.</span> <span class='ocrx_word' id='word_1_252' title='bbox 806 4613 871 4662; x_wconf 73' lang='lat' dir='ltr'>Bm.</span> <span class='ocrx_word' id='word_1_253' title='bbox 1070 4615 1079 4640; x_wconf 88' lang='lat'>⁷</span> <span class='ocrx_word' id='word_1_254' title='bbox 1083 4613 1152 4678; x_wconf 80' lang='lat' dir='ltr'>fcit]</span> <span class='ocrx_word' id='word_1_255' title='bbox 1172 4619 1216 4662; x_wconf 80' lang='lat' dir='ltr'>est.</span> <span class='ocrx_word' id='word_1_256' title='bbox 1250 4613 1314 4664; x_wconf 83' lang='lat' dir='ltr'><strong>B.D.</strong></span> <span class='ocrx_word' id='word_1_257' title='bbox 1468 4657 1469 4660; x_wconf 75' lang='grc'>,</span> 
     </span>
     <span class='ocr_line' id='line_1_40' title="bbox 516 4687 1542 4756; baseline 0.002 -16"><span class='ocrx_word' id='word_1_258' title='bbox 516 4689 568 4740; x_wconf 58' lang='lat' dir='ltr'>rao</span> <span class='ocrx_word' id='word_1_259' title='bbox 579 4687 702 4740; x_wconf 76' lang='lat' dir='ltr'>hostilibus</span> <span class='ocrx_word' id='word_1_260' title='bbox 712 4687 884 4756; x_wconf 76' lang='lat' dir='ltr'>cadaveribus]</span> <span class='ocrx_word' id='word_1_261' title='bbox 904 4705 919 4742; x_wconf 81' lang='lat' dir='ltr'>c</span> <span class='ocrx_word' id='word_1_262' title='bbox 946 4705 987 4742; x_wconf 79' lang='lat' dir='ltr'>ca·</span> <span class='ocrx_word' id='word_1_263' title='bbox 1070 4691 1201 4756; x_wconf 81' lang='lat' dir='ltr'>⁸civitatc]</span> <span class='ocrx_word' id='word_1_264' title='bbox 1221 4691 1356 4746; x_wconf 74' lang='lat' dir='ltr'>civitaten.</span> <span class='ocrx_word' id='word_1_265' title='bbox 1377 4691 1409 4742; x_wconf 85' lang='lat' dir='ltr'>A.</span> <span class='ocrx_word' id='word_1_266' title='bbox 1433 4689 1477 4744; x_wconf 85' lang='lat' dir='ltr'>the</span> <span class='ocrx_word' id='word_1_267' title='bbox 1487 4691 1542 4744; x_wconf 74' lang='lat' dir='ltr'>first</span> 
     </span>
     <span class='ocr_line' id='line_1_41' title="bbox 484 4769 1325 4836; baseline 0 -14"><span class='ocrx_word' id='word_1_268' title='bbox 484 4769 617 4824; x_wconf 74' lang='lat' dir='ltr'>tarentus</span> <span class='ocrx_word' id='word_1_269' title='bbox 627 4769 767 4820; x_wconf 83' lang='lat' dir='ltr'>hostilibus.</span> <span class='ocrx_word' id='word_1_270' title='bbox 801 4769 865 4820; x_wconf 90' lang='lat' dir='ltr'><strong>B.D.</strong></span> <span class='ocrx_word' id='word_1_271' title='bbox 1040 4777 1065 4820; x_wconf 80' lang='lat' dir='ltr'>iu</span> <span class='ocrx_word' id='word_1_272' title='bbox 1076 4771 1154 4836; x_wconf 83' lang='lat' dir='ltr'>being</span> <span class='ocrx_word' id='word_1_273' title='bbox 1165 4771 1325 4836; x_wconf 84' lang='lat' dir='ltr'>subpunoted.</span> 
     </span>
    </p>
   </div>
   <div class='ocr_carea' id='block_1_11' title="bbox 0 0 1659 5666">
    <p class='ocr_par' dir='ltr' id='par_1_16' title="bbox 0 0 1659 5666">
     <span class='ocr_line' id='line_1_42' title="bbox 0 0 1659 5666; baseline 0 0"><span class='ocrx_word' id='word_1_274' title='bbox 0 0 1659 5666; x_wconf 95' lang='lat' dir='ltr'> </span> 
     </span>
    </p>
   </div>
  </div>
 </body>
</html>
