3300 5666
527 879 711 928 uuuocrun
734 879 978 932 nrsroemuun.
1203 863 1269 932 287

267 1055 357 1122 Tunc
382 1059 536 1142 exsurget
561 1055 730 1120 millum
760 1055 882 1142 Aquilo
913 1061 946 1122 et
977 1055 1072 1120 fiores
1102 1073 1183 1140 quos
1214 1053 1272 1116 Ze·
1285 1065 1415 1116 ThePro-

223 1159 346 1246 phyrus
377 1157 561 1246 procreavit
591 1157 717 1244 eripiet,
1284 1131 1406 1252 ppeerclpnos

268 1261 342 1326 Erit
380 1261 548 1328 deauratio
579 1259 615 1324 in
651 1259 783 1346 templis
821 1281 880 1326 nec
917 1283 1053 1326 acumen
1084 1259 1269 1346 gladiorum

224 1363 369 1430 cessabit.

269 1465 337 1530 Vix
367 1463 531 1532 obtinebit
556 1487 710 1532 cavernas
735 1487 809 1530 suas
834 1463 1046 1532 Germanicus
1073 1465 1177 1542 draco
1196 1463 1273 1550 quia

224 1569 308 1634 ultio
338 1569 534 1654 proditionis
565 1567 634 1654 ejus
664 1569 880 1656 superveniet.

268 1671 405 1760 Vigebit
437 1673 573 1740 tandem
606 1673 771 1762 paulisper
802 1675 859 1740 sed
897 1673 1070 1740 decimatio
1105 1669 1273 1736 Neustriae

225 1775 362 1854 nocebit,
1194 1857 1195 1862 ἵ

269 1879 414 1966 Populus
444 1901 588 1964 namque
620 1881 656 1946 in
686 1879 778 1966 ligno
812 1867 849 1946 et
876 1879 990 1946 ferreis
1011 1877 1132 1944 tunicis
1164 1899 1289 1964 snper-¹

225 1981 336 2046 veniet
359 1983 417 2066 qui
440 1981 622 2048 vindictam
645 1983 685 2048 de
707 1983 858 2068 nequitia
879 1981 1001 2068 ipsius¹
1026 1985 1132 2048 sumet
1139 2003 1149 2058 3

269 2083 485 2150 Restaurabit
522 2085 670 2170 pristinis
707 2083 821 2150 incolis
860 2083 1067 2150 mansiones2
1106 2087 1140 2148 et
1177 2081 1275 2148 ruina
1328 2167 1329 2170 Ἴ

226 2185 483 2272 alienigenarum
505 2187 644 2272 patebit,
1063 2251 1065 2256 .

188 2301 191 2306 ’
271 2287 435 2354 Germen³
457 2289 525 2354 albi
551 2289 699 2354 draconis
722 2309 764 2354 ex
789 2289 930 2354 hortulis
954 2289 1075 2354 nostris
1098 2285 1275 2352 abradetur

226 2395 261 2454 et
281 2391 428 2476 reliquiae
452 2391 678 2456 decimationis
701 2393 771 2476 ejus
794 2391 1044 2458 decimabuntur
1055 2413 1064 2472 ;
1329 2477 1331 2480 Ι

270 2493 396 2580 Jugum
430 2499 595 2580 perpetuae
630 2493 800 2558 servitutis
833 2495 948 2574 ferent,
986 2491 1149 2558 matrem4
1181 2515 1274 2558 suam
1323 2531 1325 2536 ,

152 2641 153 2644 κ
225 2597 391 2680 ligonibus
414 2601 448 2660 ot
470 2597 590 2660 aratris
613 2597 845 2660 vulnerabunt.

272 2697 452 2762 Succedeut
474 2713 510 2762 11.
539 2699 701 2776 dracones,
719 2719 859 2782 quorum
885 2699 968 2762 alter
993 2697 1128 2762 invidiae
1149 2697 1274 2784 spiculo

227 2799 447 2880 suffocabitur,
471 2799 555 2864 alter
569 2821 648 2864 vero
671 2799 733 2864 sub
759 2801 877 2864 umbra
899 2799 1040 2864 nominis
1061 2799 1191 2864 redibit.

272 2901 429 2968 Succedet
454 2901 594 2986 justitiae
625 2903 684 2978 leo,
716 2901 760 2966 ad
791 2903 882 2986 cujus
911 2901 1059 2988 rugitum
1097 2901 1272 2970 Gallicanae

225 3009 332 3068 turres
355 3009 389 3068 et
410 3003 553 3068 insulam
575 3003 730 3068 dracones
753 3005 966 3086 tremebunt3

272 3107 315 3172 In
346 3107 459 3172 diebus
488 3105 554 3171 illis
576 3129 693 3170 aurum
725 3107 765 3170 de
794 3103 891 3172 lilio⁵
913 3111 948 3172 et
973 3107 1078 3170 urtica
1105 3111 1276 3194 extorque·
1307 3153 1308 3156 κ

226 3209 319 3274 bitur
341 3215 375 3274 et
398 3215 571 3296 argentum
591 3231 640 3274 ¹ex
665 3209 798 3296 nugulis
820 3209 1039 3296 mugientium
1063 3209 1220 3290 manabit,

273 3311 497 3376 Calamistrati
524 3311 645 3376 vellera
671 3311 787 3376 varia⁶
809 3313 981 3376 vestibunt
1004 3317 1038 3376 et
1060 3313 1204 3378 'exterior
1225 3315 1277 3378 in-

227 3413 348 3480 teriora
371 3413 525 3500 signabit,

273 3515 378 3582 Pedes
421 3517 618 3582 latrantium
662 3515 912 3596 truncabuntur,
952 3539 1064 3602 pacem
1108 3517 1278 3584 habebunt

228 3619 314 3698 ferae,

273 3727 475 3792 Humanitas
497 3725 693 3814 supplicium
724 3725 856 3806 dolebit,
887 3725 1033 3790 findetur
1054 3725 1161 3790 forma
1190 3747 1275 3794 com-

228 3829 348 3910 mercii,
380 3829 554 3894 dimidium
582 3827 764 3894 rotundum
794 3827 857 3892 erit
869 3851 878 3910 3

274 3933 401 3998 Peribit
430 3931 605 3998 milvorum
635 3931 808 4020 rapacitas,
839 3935 873 3996 et
905 3931 1018 3996 dentes
1047 3931 1200 4018 luporum
1221 3933 1277 3998 he-

127 4033 128 4036 ’
229 4035 442 4116 betabuntur,

228 4313 229 4316 ¹
265 4323 378 4390 ¹ipsz'us]
398 4301 466 4388 ejus..
493 4325 524 4376 B.
602 4393 603 4398 Ἰ
778 4333 823 4376 not
833 4325 897 4376 been
908 4325 1140 4394 printeaasbeing
1150 4327 1279 4394 enimpor·

263 4403 431 4470 ²musmones]
449 4403 588 4456 mansione.
617 4405 648 4456 B.
665 4419 736 4456 man·
777 4413 839 4458 tant.

232 4483 335 4534 Sionem·
370 4481 403 4534 D·
458 4555 481 4574 .,
675 4563 681 4576 ,
810 4511 940 4578 “mutrem]
960 4527 1015 4576 que.
1050 4513 1105 4562 add.
1145 4511 1210 4564 Bm.

265 4563 450 4628 ³Couquestus.
473 4579 501 4612 m
521 4579 600 4628 marg.
623 4563 736 4614 B.1na
809 4617 819 4646 e
845 4617 868 4628 ..
951 4615 957 4628 ,

231 4643 282 4696 late
290 4643 397 4692 handin
406 4641 491 4694 which
500 4631 655 4710 man'yshort
663 4649 736 4694 notes
831 4613 894 4680 mm]
914 4615 981 4664 l⁰l¹⁰'
1015 4615 1047 4666 D·

156 4747 157 4752 =
232 4737 275 4770 arc
290 4721 398 4782 wmdcn,
418 4723 567 4788 containing
587 4721 735 4788 interpreta-
809 4719 915 4784 lucau]
933 4719 1071 4772 Interlineo
1094 4719 1121 4768 in
1144 4719 1227 4772 rubrio
1250 4719 1278 4768 iu

231 4801 299 4850 tious
318 4801 348 4850 of
362 4801 405 4854 the
415 4803 549 4868 prophecy.
567 4857 568 4862 ,
583 4801 657 4868 They
669 4803 735 4854 have
777 4799 811 4848 A.
