3300 5666
518 877 699 930 nummum
720 877 966 930 maronianum.
1205 861 1271 938 367

227 1057 365 1124 autem¹
401 1055 574 1124 Britouum
605 1075 732 1144 semper
762 1055 899 1142 vigebat
932 1055 1166 1122 Christianitas
1198 1077 1272 1142 quae
1285 1067 1353 1124 Aa).
1367 1075 1424 1128 597.

225 1183 246 1226 a
268 1167 413 1248 tempore
437 1159 619 1226 Eleutherii
649 1181 744 1248 papae
774 1157 889 1222 habita
914 1159 1002 1224 iuter
1025 1181 1078 1226 eos
1101 1155 1272 1244 uunquam

226 1263 393 1332 defecerat.

272 1371 366 1436 Inter
398 1367 537 1436 eastera²
558 1367 596 1434 in
628 1367 763 1434 eivitate
797 1367 930 1454 Bangor
962 1373 1076 1436 tantus
1110 1373 1182 1434 erat
1214 1391 1275 1434 nu-

224 1493 333 1538 merus
354 1471 586 1538 monachorum
608 1475 647 1538 ut
674 1493 747 1538 oum
770 1469 807 1536 in
830 1475 957 1556 septem
978 1473 1144 1556 portiones
1167 1473 1275 1538 esset3

224 1597 297 1640 oum
329 1573 513 1662 praepositis
544 1577 608 1640 sibi
644 1575 807 1664 prioribus
845 1575 1080 1660 monasterium
1119 1565 1272 1656 divisum,

224 1677 318 1742 nulla
339 1677 456 1742 harum
487 1679 596 1764 portio
627 1679 737 1744 miuus
759 1675 867 1766 squam
890 1681 1069 1742 trescentos
1099 1679 1274 1742 monachos

224 1779 367 1858 haberet,
391 1781 449 1866 qui
479 1803 591 1846 omues
622 1803 717 1868 opere
746 1803 904 1846 manuum
927 1779 1083 1846 suarum4
1105 1781 1272 1846 vivebant.

224 1883 361 1948 Abbas⁵
405 1889 517 1948 autem
561 1881 699 1950 eorum6¹
743 1883 914 1950 Diuohot⁷
959 1885 1149 1964 vocabatur,
1188 1885 1273 1950 miro

222 1985 321 2050 modo
354 1985 544 2050 liberalibus
572 1987 699 2052 artibus
734 1987 894 2066 eruditus,
917 1987 974 2072 qui
997 1987 1186 2074 Angustino
1217 2009 1272 2074 pe-

223 2087 310 2152 tenti
340 2087 383 2152 ab
413 2087 571 2174 episoopis
595 2089 771 2154 Britonum
805 2087 1040 2178 subjectionem
1063 2093 1097 2154 et
1121 2087 1273 2154 suadenti

222 2193 262 2252 ut
290 2211 399 2256 secum
430 2191 522 2278 genti
560 2191 744 2278 Anglorum
782 2211 986 2256 oomuumem
1025 2189 1273 2278 evangelizandi

221 2291 366 2358 laborem
395 2293 603 2380 susciperent,
636 2293 773 2360 diversis
804 2293 1007 2378 argumentis
1037 2293 1124 2380 ipsos
1148 2291 1272 2358 nullam

223 2393 254 2458 ei
288 2393 523 2480 subjectionem
562 2395 679 2462 debere
717 2419 791 2462 eum
821 2401 855 2462 et
886 2417 981 2460 suum
1011 2393 1272 2480 archipraesulem

222 2495 390 2578 haberent,
415 2503 449 2564 et
479 2519 558 2584 gens
581 2495 751 2564 Saxonum
773 2499 915 2584 patriam
945 2495 1194 2582 propriamque⁸
1226 2499 1272 2562 eis

223 2599 349 2666 auferre
381 2603 575 2686 perstarent,
600 2599 689 2666 unde
728 2621 783 2666 eos
813 2609 939 2666 summo
971 2599 1047 2664 odio
1076 2597 1270 2686 ¹babebaut;

221 2701 384 2786 fidemque
422 2701 598 2768 Britonum
636 2699 695 2766 ao⁹
724 2701 918 2788 religionem
951 2699 1098 2766 Saxones
1128 2723 1188 2788 pro
1220 2701 1272 2766 ui-

220 2803 288 2868 hilo
326 2801 501 2882 habebant,
542 2803 694 2870 Britones
733 2825 810 2870 vero
856 2803 954 2870 eitius
992 2801 1127 2870 oanibus
1172 2825 1271 2888 quam

221 2903 369 2992 Angliois
392 2903 748 2992 eommuni[oa]bant.¹⁰
812 2941 814 2946 κ

258 3029 376 3084 Sanetus
396 3029 571 3100 Augustinus
591 3029 622 3082 in
641 3029 732 3084 insula
750 3047 813 3100 quae
833 3027 930 3084 dieitur
949 3027 1087 3084 Thanetos
1109 3047 1173 3082 oum
1193 3027 1271 3082 sociis
1284 3037 1401 3098 saugos-

221 3131 273 3168 xu.
287 3113 426 3184 applicuit,
439 3117 466 3168 et
486 3113 599 3168 mittens
621 3111 657 3166 ad
674 3111 854 3168 Adelbertum
872 3131 964 3184 regem
978 3111 1119 3166 mandavit
1138 3129 1166 3168 se
1183 3113 1273 3180 venire
1283 3089 1413 3184 ffieffis

222 3195 256 3252 de
281 3197 369 3250 Roma
391 3215 422 3250 uo
446 3197 576 3250 nuntium
599 3197 672 3252 ferre
696 3197 835 3266 optimum
864 3197 913 3268 qui
943 3197 993 3252 sibi
1023 3197 1273 3266 obtemperantibus
1284 3191 1344 3236 bert.

221 3283 323 3334 aeterna
350 3279 381 3332 in
404 3279 471 3334 coelo
496 3277 597 3350 gaudia
620 3282 648 3334 et
671 3297 789 3350 regnum
825 3281 882 3334 sine
905 3281 961 3336 fine
989 3299 1053 3336 oum
1078 3281 1138 3336 Deo
1161 3279 1223 3336 vivo
1247 3283 1274 3334 et

221 3381 284 3420 vero
307 3363 435 3418 futurum
458 3361 516 3416 siue
546 3363 604 3416 ulla
634 3361 772 3416 dubietate
802 3363 945 3434 proruitit.
995 3353 1050 3422 Qui
1080 3361 1132 3418 hoo
1161 3361 1273 3418 audiens

220 3463 329 3502 manere
348 3445 408 3500 illos
428 3445 458 3500 in
477 3463 507 3500 ea
526 3445 618 3500 insula
636 3449 663 3500 et
686 3443 724 3500 eis
748 3445 898 3500 necessaria
916 3445 1063 3502 ministrari
1083 3447 1174 3518 jussit,
1188 3445 1274 3500 donee

119 3567 121 3572 ,
222 3529 324 3586 videret
345 3529 413 3602 quid
431 3531 469 3584 eis
481 3529 599 3610 'faceret
635 3529 702 3584 Post
713 3527 778 3588 ,dies
800 3547 864 3600 ergo
886 3531 990 3602 aliquot
1008 3529 1082 3586 venit
1101 3529 1137 3584 ad
1156 3529 1275 3584 insulam

122 3683 126 3692 ,
220 3631 276 3680 rex,
298 3617 325 3670 et
344 3613 462 3670 residens
483 3613 535 3668 sub
560 3611 623 3670 divo
644 3613 726 3686 jussit
737 3611 927 3684 Augustinum
949 3617 1014 3668 'oum
1031 3613 1110 3668 sooiis
1133 3613 1169 3668 ad
1192 3631 1275 3668 suum

221 3695 323 3752 ibidem
345 3697 436 3754 venire
460 3697 636 3770 colloquium,
650 3701 676 3752 et
695 3697 735 3764 illi
756 3697 858 3752 Divina
875 3697 975 3752 virtute
998 3697 1104 3768 praediti
1121 3697 1273 3762 veniebant,

224 3779 339 3854 Crucem
362 3799 411 3854 pro
431 3781 529 3838 vexillo
551 3783 666 3836 ferentes
687 3783 850 3852 argenteam,
869 3785 895 3836 et
916 3779 1062 3852 imaginem
1076 3779 1221 3836 Salvatoris
1245 3781 1275 3834 in

222 3865 319 3920 tabula
343 3863 477 3938 deputam
498 3885 561 3920 oum
582 3865 683 3920 letania
701 3883 763 3938 quae
781 3882 831 3936 pro
849 3881 902 3920 sua
921 3869 948 3920 et
965 3881 1058 3920 eorum
1074 3869 1184 3936 propter
1205 3881 1274 3936 quos

248 4133 341 4186 ¹Nota.
353 4135 381 4186 in
392 4151 471 4202 marg.
506 4135 574 4186 A.D.
611 4189 615 4194 ,
806 4133 948 4198 ⁷Diuobot]
967 4133 1105 4184 Dinohoth.
1140 4133 1173 4182 D.
1213 4163 1214 4166 =
1248 4131 1250 4136 ’

253 4215 375 4280 ²ooetero]
395 4221 504 4288 oaeteras.
539 4215 607 4266 BD.
713 4273 714 4276 Ἴ
761 4267 762 4272 ,
806 4241 815 4268 a
843 4239 884 4304 ue]
904 4253 952 4288 om·
986 4237 1050 4288 RD·

254 4287 347 4358 3εεὲαι]
368 4301 456 4346 esseut.
491 4295 525 4346 D.
827 4255 841 4304 q
1093 4317 1094 4320 ¹

254 4373 384 4438 mamam]
432 4389 480 4424 om.
525 4373 590 4424 BD.
634 4371 726 4424 Modus
986 4435 989 4442 .
1099 4425 1100 4428 ,

220 4451 324 4502 vivendi
335 4451 521 4502 monachorum.
540 4451 567 4502 in
578 4467 657 4516 marg.
675 4453 706 4502 B.
807 4451 825 4480 ¹⁰
836 4447 1083 4514 commuui[oo]hoat]
1115 4445 1273 4514 oommrii[an

165 4577 166 4580 ,
254 4533 365 4580 ⁵Abbas
387 4529 507 4582 Dinohot.
526 4529 554 4578 in
570 4545 649 4596 marg.
691 4531 725 4580 Α.
773 4527 955 4592 erasure]hant.
989 4527 1024 4580 A.
1058 4527 1140 4578 Theb
1160 4529 1209 4578 and
1230 4529 1273 4578 the

220 4609 309 4660 Abbae
320 4609 459 4658 Dinohoth.
476 4609 503 4658 in
513 4607 590 4674 marg.
625 4601 658 4658 D.
771 4607 880 4656 remotus
898 4607 928 4658 of
941 4607 984 4656 the
1002 4607 1088 4656 erased
1108 4607 1181 4656 letter
1196 4607 1273 4672 being

806 4343 870 4410 9αι’]
890 4349 970 4408 etque.
1006 4343 1040 4394 D.

253 4691 263 4718 ⁶
274 4687 365 4754 eoum]
387 4687 420 4740 So
437 4687 513 4752 badly
530 4687 630 4738 written
649 4685 677 4736 in
689 4685 723 4736 A.
770 4685 798 4734 iu
821 4685 924 4734 blaeker
945 4685 991 4736 iok
1012 4685 1073 4736 than
1095 4685 1139 4734 the
1162 4691 1272 4754 context.

221 4777 285 4820 asto
296 4767 329 4820 be
338 4767 429 4832 hardly
442 4765 623 4832 deoipherable.
683 4783 684 4786 ¹
770 4763 994 4816 communicabant.
1028 4763 1092 4814 BD.
