3300 5666
342 853 406 918 264
630 863 809 916 eunomus
832 863 1080 918 srsrosrssuu,

341 1039 499 1106 stolorum
522 1039 613 1106 misil
639 1041 681 1106 ad
703 1061 822 1126 papam
854 1039 1080 1106 Eleullrerium
1111 1043 1150 1104 ui
1173 1039 1236 1104 sibi
1258 1039 1385 1124 aliquos

342 1141 498 1228 dirigerel
514 1143 557 1206 ad
579 1141 677 1208 fidem
699 1145 821 1206 reoiarn
836 1141 902 1206 illis
927 1141 1178 1220 declarandam
1201 1163 1287 1226 papa
1307 1161 1386 1204 vero

343 1243 416 1310 Deo
436 1243 558 1330 gratias
580 1265 680 1330 agens
710 1241 826 1310 oeeinil
848 1243 1013 1310 oau’oioum
1028 1241 1233 1328 Angelioum‚
1257 1241 1386 1320 scilieet,

344 1343 457 1410 Gloria
482 1345 519 1408 in
542 1345 676 1412 excelsis
704 1345 783 1408 Deo.

177 1469 282 1520 Mission
295 1473 324 1522 of
389 1447 482 1512 Misii
520 1451 631 1512 aulem
666 1467 753 1532 papa
788 1445 831 1508 ad
869 1445 1078 1510 Briianniam
1109 1445 1190 1510 duos
1220 1443 1388 1524 doolores‚¹

177 1535 316 1654 {spagit}
345 1547 519 1636 Fuganum
545 1553 580 1614 el
602 1547 810 1624 Damianuru,
834 1547 892 1632 qui
915 1547 961 1610 eis
984 1567 1115 1612 omnem
1145 1547 1244 1610 fidem
1268 1547 1389 1614 Oaiho·

174 1619 321 1720 iramiallls.
343 1651 437 1716 lioam
460 1647 708 1728 declaravil‚2eu
734 1669 843 1734 regern
870 1671 945 1712 curn
966 1653 1038 1714 ato
1060 1669 1161 1734 regno
1184 1647 1389 1734 baplizavii.3

175 1735 243 1784 AD·
259 1741 313 1788 ¹⁸¹·
344 1751 393 1816 Hi
441 1751 588 1816 doctores
624 1747 707 1836 per4
752 1755 857 1814 lolam
896 1749 1104 1814 Britanniam
1149 1751 1390 1816 constituemnl

343 1851 599 1940 archiepiscopos
637 1867 695 1930 HL,
727 1873 830 1916 unum
872 1851 1060 1930 Londoniis,
1100 1851 1202 1916 aliurn
1232 1851 1387 1932 Eboraoo,

342 1955 478 2020 ierliurn
516 1953 553 2018 in
584 1953 676 2020 Urbe
706 1951 887 2040 Legionurn
899 1977 908 2034 3
950 1955 1116 2042 episcopos
1142 1955 1389 2022 ,consuluerunt

343 2073 478 2138 xxviii,
505 2057 583 2144 quia
604 2057 756 2144 perprius
786 2061 838 2122 aa
861 2061 958 2122 arani
980 2057 1136 2136 flaminea,
1154 2063 1188 2122 el
1217 2075 1272 2124 111.
1288 2057 1390 2122 arohi-

342 2159 497 2236 flamines,
529 2159 566 2222 id
588 2163 646 2236 esi,
670 2157 821 2244 magistri
850 2159 1014 2224 idolorum
1026 2181 1034 2236 ;
1064 2181 1141 2222 nam
1169 2159 1227 2224 ubi
1255 2159 1320 2224 fun
1344 2159 1393 2222 fa·

338 2261 501 2326 brioalurn
540 2261 700 2346 ternplum
740 2259 899 2340 deorum?
941 2261 1176 2328 ordinaverunl
1221 2261 1387 2342 ecelesiam

338 2369 532 2430 sanctorum.
579 2363 711 2428 Exinde
735 2363 877 2428 Romam
907 2363 1032 2432 reversi
1057 2387 1131 2430 oum
1159 2385 1279 2450 magno
1309 2385 1389 2452 gau-

338 2465 393 2532 dio
414 2489 509 2552 papae
530 2465 771 2530 nunciaverunt
794 2489 867 2552 quae
892 2465 982 2532 faeta
1004 2465 1142 2532 firerani.
1190 2465 1263 2530 Rex
1284 2467 1389 2552 igilur

338 2573 444 2636 vilain
474 2593 569 2638 suam
600 2573 721 2638 ducens
750 2571 786 2634 in
823 2577 990 2638 senectute
1019 2571 1125 2636 bona⁶
1155 2571 1224 2636 sine
1260 2573 1389 2636 haerede

341 2673 510 2740 discessil.⁷
556 2673 735 2740 Britannia
756 2695 898 2760 namque
921 2675 1038 2740 orbata
1060 2675 1102 2740 ab
1123 2675 1212 2740 omni
1243 2675 1390 2760 principe

340 2799 398 2862 per
413 2799 515 2840 annos
538 2791 565 2840 L.
581 2779 616 2842 el
637 2777 725 2840 ulira
738 2803 747 2858 3
768 2777 902 2840 fuerunt
917 2775 1083 2842 aliarnen8
1097 2774 1206 2862 plures
1221 2781 1390 2862 magnares

341 2899 480 2962 quorum
510 2879 620 2943 nullus
642 2877 764 2944 sineret
785 2879 887 2944 aliurn
914 2901 1050 2966 regnare
1081 2883 1176 2964 super
1206 2899 1247 2942 se.
1295 2877 1391 2958 Quod

173 2987 329 3074 expedition
342 2981 514 3044 audientes
545 2979 688 3044 Romani
717 2979 879 3044 miserunt
905 2981 1070 3064 quendam
1105 2981 1218 3044 ducem
1248 2981 1292 3044 ad
1319 2981 1390 3044 Bri·

173 3057 202 3104 οἱ
212 3055 278 3118 sept.
342 3081 497 3158 lauriani,
522 3079 657 3146 nomino
680 3081 846 3158 Severum,
875 3103 949 3146 oum
977 3079 1056 3146 rur.9
1070 3079 1254 3168 legionibus
1285 3103 1391 3146 arma-

172 3119 312 3240 lillis.
342 3187 451 3248 lorum
481 3183 524 3248 ad
548 3181 628 3268 jura
656 3185 692 3248 ei
720 3184 808 3270 leges
837 3181 1096 3248 observandas.¹⁰
1142 3183 1283 3250 Severus
1305 3185 1390 3248 male

342 3389 730 3398 *mm-amu—
966 3385 1357 3394 ·—···-···-*·-··-·-·-···-··-·····-·—--·--—·--·-·—·-···=
1362 3389 1388 3394 ¹—-

377 3473 515 3568 ¹dortores]
534 3499 637 3554 seilicet.
649 3503 705 3552 add.
739 3501 769 3552 B.

375 3617 538 3682 ²decloraoil]
566 3571 689 3666 declani.
733 3611 768 3662 A.
802 3613 845 3662 de·-

342 3697 474 3746 elararunt.
507 3695 572 3746 BD.

375 3787 547 3854 ³boptizaoit]
568 3787 602 3838 So
622 3787 648 3836 in
665 3785 699 3840 A.
732 3785 843 3850 baptiza.

343 3875 408 3918 runt.
431 3867 462 3916 Β.
483 3867 681 3930 baptizaverunt.
698 3867 735 3916 D.
757 3865 845 3914 Prima

344 3941 517 3996 Christianitas
528 3945 555 3994 iu
566 3943 702 3996 Britannia.
720 3941 747 3992 in
764 3957 843 4006 marg.

344 4025 410 4076 A.D.
428 4023 455 4072 in
465 4025 557 4076 rubrio.
575 4025 661 4074 Prima
672 4021 846 4072 christianitas

343 4103 369 4152 in
389 4103 494 4168 Anglia.
527 4103 555 4154 in
574 4119 653 4168 marg.
687 4103 717 4152 Β.
751 4103 801 4152 aud
818 4099 845 4150 in

344 4183 412 4234 hand
422 4183 497 4248 (αἳ)
515 4183 594 4236 Anno
604 4181 709 4232 Domini
719 4193 778 4234 oxo-

377 4277 387 4306 ⁴
393 4277 453 4342 per]
467 4277 554 4328 Twioe
565 4277 593 4328 iu
605 4279 638 4330 D.

377 4367 507 4436 ⁵deorum]
526 4373 666 4436 ydolorum.
701 4369 734 4418 D.

377 4467 515 4514 ⁶senectute
565 4463 642 4530 hono]
695 4470 846 4515 senectutem

344 4547 444 4598 bonam.
476 4545 507 4596 B.

376 4629 387 4656 '¹
398 4625 435 4676 At
446 4625 488 4676 the
499 4625 552 4676 foot
563 4625 592 4676 of
605 4625 647 4676 the
663 4641 728 4690 page
740 4625 767 4676 in
778 4627 808 4678 B.
820 4625 847 4676 in

346 4711 414 4762 haud
431 4711 473 4776 (γ)
495 4713 517 4760 is
539 4709 589 4762 this
612 4715 689 4760 note:
716 4709 846 4762 Gloriosus

347 4807 393 4844 rex
404 4791 498 4844 Lurius
509 4807 566 4844 oum
577 4791 645 4842 infra
655 4805 760 4856 regnum
775 4807 847 4844 suum

888 3499 984 3548 cultum
991 3513 1057 3548 verae
1067 3497 1126 3548 fidei
1136 3497 1326 3560 magnificatum
1337 3515 1390 3548 esse

888 3577 999 3640 vidisset,
1021 3577 1133 3626 maximo
1156 3577 1248 3642 gaudio
1268 3577 1392 3628 fluctuans

889 3659 1057 3722 possessiones
1068 3665 1093 3706 et
1104 3655 1229 3706 territoria
1248 3671 1302 3722 quae
1322 3657 1392 3718 prius

887 3735 982 3798 templa
1014 3735 1140 3786 idolorum
1170 3737 1330 3800 possederant
1352 3751 1392 3786 eo·

887 3813 970 3864 clesiis
979 3815 1090 3864 fidelium
1107 3829 1251 3878 permanere
1264 3815 1393 3866 concessit.

887 3893 1071 3956 Augmeutavit
1089 3893 1166 3944 eliam
1186 3899 1239 3944 eas'
1250 3893 1317 3956 agris
1340 3909 1392 3942 arn·

888 3971 1009 4034 plioribus
1021 3977 1046 4022 et
1053 3971 1146 4022 mansis
1155 3971 1273 4036 omnique
1280 3971 1392 4022 libertate

887 4049 1040 4100 sublimavit.
1079 4051 1149 4100 Inter
1182 4051 1237 4100 haeo
1270 4051 1298 4100 in
1331 4053 1394 4100 urbe

888 4127 1052 4180 Glouoestriae
1082 4127 1152 4192 obiit,
1175 4135 1200 4178 et
1232 4127 1259 4178 in
1289 4129 1394 4180 ecclesia

888 4209 976 4274 primae
989 4207 1053 4260 sedis
1070 4209 1207 4258 honorifice
1220 4209 1329 4274 sepultus
1347 4217 1393 4272 est,

888 4305 955 4340 anno
999 4289 1031 4338 ab
1071 4289 1247 4340 Inoaruatione
1289 4289 1394 4340 Domini

889 4379 1018 4420 ouxxxvr.

923 4477 1062 4542 ⁸altomeu]
1076 4459 1139 4526 atti.
1168 4475 1204 4526 A.
1233 4481 1352 4526 attamen„
1363 4467 1395 4516 B·

871 4613 872 4616 ,
890 4559 978 4610 erased
988 4557 1015 4604 in
1028 4557 1061 4604 D.

926 4673 1002 4740 lxii]
1019 4673 1073 4724 11?
1108 4673 1137 4722 B.
1242 4655 1243 4658 Ἴ

925 4789 1130 4856 1⁰ollrrrroarlos]
1145 4791 1307 4842 observanda.
1328 4789 1393 4842 un
