3300 5666
506 897 688 952 uunocrun
711 893 957 950 ursroaraauu.
1184 879 1259 950 333

202 1075 388 1142 diademate
412 1073 594 1142 Britannice
628 1075 807 1162 insignitus
837 1077 996 1142 thronum
1029 1073 1169 1140 Romani
1192 1075 1251 1136 inr-
1264 1073 1394 1142 rhei-Iis-

201 1179 284 1268 perii
307 1177 420 1264 adepti
443 1181 528 1242 aunt.
565 1177 756 1242 Censetiaue
778 1199 856 1262 ergo
879 1179 1023 1264 vectigal
1045 1177 1107 1244 ex¹
1132 1177 1250 1244 Rorna-
1264 1157 1364 1286 ἓξὲξ

202 1283 253 1346 nia
275 1281 478 1364 petendum?
523 1279 573 1342 Dc
590 1277 699 1344 Gallia
722 1283 833 1344 autem
857 1281 926 1346 sive
950 1281 990 1344 de
1013 1281 1252 1346 collateralibus
1265 1289 1373 1340 Artnur.

202 1383 318 1448 insulis
339 1403 408 1446 non
430 1385 480 1448 eet
503 1383 767 1468 respondendum
783 1403 857 1446 cum
881 1381 954 1446 illae
977 1383 1175 1466 diffugerent
1198 1383 1252 1446 de-

201 1485 333 1550 fendere
364 1483 496 1570 quando
519 1481 671 1550 easdem2
694 1483 852 1572 potestati
878 1483 1015 1548 eorum³
1039 1483 1250 1554 subtraheba-

202 1611 284 1652 mue.
332 1587 416 1652 Haec
439 1591 473 1652 et
496 1589 561 1652 alia
590 1609 627 1652 eo
661 1589 799 1664 dicente,
824 1585 951 1652 Hoelua
985 1607 1044 1648 rex
1067 1583 1249 1650 Armorica-

202 1711 319 1754 norum
343 1687 519 1754 Britonurn
549 1693 683 1754 caeteros
706 1691 888 1776 praecedere
911 1691 1023 1774 jussus
1047 1689 1083 1750 iu
1106 1709 1250 1752 sermone

203 1793 237 1856 in
260 1791 312 1856 his
334 1791 444 1856 verbis
467 1793 537 1878 regi
560 1789 709 1856 Arthuro
733 1791 903 1878 respoudit
917 1815 971 1854 :-

641 2135 722 2202 Car.
749 2137 818 2204 LX.

252 2345 358 2410 Llonr
389 2347 616 2432 unusquisque
648 2349 801 2410 nostrum
833 2345 948 2410 totus4
978 2347 1013 2410 in
1043 2367 1077 2410 ee
1107 2369 1254 2412 reversus

207 2449 318 2514 omnia
347 2453 381 2512 et
416 2449 456 2512 de
488 2449 640 2528 omnibus
678 2449 789 2512 animo
821 2453 999 2514 retractare
1031 2447 1164 2528 valeret,
1187 2471 1254 2512 non

208 2551 360 2616 existimo
407 2573 482 2614 euru
520 2551 732 2636 praestantius
770 2551 941 2616 consilium
980 2573 1072 2636 pocae
1110 2551 1273 2624 invenire,

210 2675 309 2738 quarn
332 2651 423 2716 istud
446 2651 535 2738 quod
566 2651 664 2716 modo
698 2651 852 2716 discretio
886 2653 1015 2716 aolertie
1039 2651 1257 2738 providentiae

209 2759 278 2818 tuae
307 2753 456 2818 redoluit.
502 2753 642 2818 Provide
673 2755 762 2816 euim
799 2755 945 2840 providit
979 2755 1074 2818 nobie
1111 2759 1170 2818 tua
1204 2755 1258 2818 de·

208 2855 358 2920 liberatio
398 2855 549 2918 Tulliano
579 2855 706 2942 liquore
740 2855 802 2918 lita
814 2879 822 2936 ;
860 2855 947 2920 uude
986 2857 1167 2920 constantis
1194 2857 1259 2920 viri

211 2957 372 3048 affectum,
398 2957 555 3044 sapientie
571 2959 673 3020 animi
701 2955 877 3038 effectum‚⁵
899 2957 1017 3044 optimi
1039 2959 1164 3022 consilii
1187 2981 1260 3044 pro-

211 3061 333 3140 fectum
354 3059 489 3124 laudare
520 3059 744 3124 indesinenter
775 3059 938 3124 debemus,
1001 3053 1140 3138 Nomai
1161 3059 1262 3146 juxta

212 3159 398 3226 rationein6
419 3161 560 3226 Romam
586 3163 677 3226 adire
703 3161 846 3226 volueris
868 3183 936 3226 uon
959 3161 1077 3228 dubito
1100 3163 1180 3248 quin
1203 3163 1261 3226 tri-

214 3263 337 3350 umplrc
374 3263 541 3350 potiamur
575 3263 656 3326 dum
693 3263 882 3328 libertatem
916 3267 1064 3330 nostram
1100 3269 1263 3342 tueamur,

215 3385 289 3432 oum
308 3365 399 3452 juste
421 3365 464 3430 ab
496 3363 637 3430 inimicis
669 3365 791 3430 nostrie
821 3365 993 3452 exigamus
1017 3367 1148 3452 quoda
1169 3367 1263 3430 nobie

214 3467 336 3554 injuste
358 3473 468 3554 petere
494 3467 696 3554 inceperunt.
744 3461 948 3552 Quicumque
971 3469 1057 3532 enirn
1085 3491 1143 3534 sua
1169 3467 1264 3534 alteri

215 3571 338 3656 eripere
362 3575 500 3634 conatur
529 3569 646 3634 merito
677 3591 751 3656 quoe
773 3591 834 3632 sua
857 3575 935 3632 suut
965 3591 1023 3656 per
1046 3591 1119 3634 eum
1143 3569 1264 3656 quem⁷

217 3675 348 3758 impetit
386 3671 520 3738 amittit.
568 3671 654 3752 Quia
692 3693 768 3758 ergo
806 3671 948 3736 Romani
985 3677 1099 3738 nostra
1136 3673 1265 3738 demere

216 3775 372 3840 affectant
403 3797 463 3842 eua
493 3775 558 3840 illis
598 3769 813 3862 proculdubio
844 3773 1038 3854 auferemur,
1068 3773 1097 3836 ai
1132 3773 1266 3838 licentia

218 3877 312 3942 nobie
342 3867 575 3964 congrediendi
605 3876 827 3964 praestabitur.
875 3875 928 3940 En
959 3897 1147 3962 congressus
1169 3899 1265 3942 cuno·

220 3983 264 4046 tia
296 3981 489 4046 Britonibue
521 3981 765 4058 desiderandua
791 4001 832 4046 eu
856 3977 1014 4046 vaticinia
1029 3977 1165 4064 sibylla
1192 4001 1266 4064 quoe

219 4083 307 4150 veris
338 4081 527 4164 tentantur,B
561 4081 625 4148 eu⁰
655 4079 847 4148 Britannico
881 4103 999 4170 genere
1035 4083 1133 4148 tertio
1163 4083 1266 4146 nasci-

254 4409 317 4474 111]
337 4409 376 4460 do.
410 4409 443 4460 D.
802 4409 811 4436 ⁵
824 4409 945 4474 fficium]
968 4409 1092 4460 affectum.
1125 4409 1155 4460 B.

251 4487 378 4554 ²eosdem]
398 4505 447 4538 om.
482 4489 515 4538 1).
802 4487 951 4554 ⁶rationem]
971 4487 1122 4552 praedictam.
1134 4505 1218 4552 prtem.
1235 4491 1264 4540 Β.

253 4567 365 4632 8111111]
386 4583 435 4616 eas.
453 4569 508 4618 add.
543 4569 576 4618 D.
768 4567 800 4616 D.

254 4645 424 4712 4ίοΐ118]01ῐ1.
459 4649 490 4698 B.
520 4649 600 4698 added
612 4647 639 4696 iu
650 4661 723 4710 marg
804 4645 904 4714 711111]
918 4667 945 4724 q
980 4647 1014 4698 A.

222 4725 249 4774 iu
269 4741 285 4776 a
302 4727 363 4776 later
381 4723 450 4778 houd
467 4727 528 4778 than
546 4725 601 4776 that
612 4727 642 4776 of
659 4733 721 4784 text,
800 4725 952 4790 2³teetourtur]
974 4725 1133 4774 seunouibua
1148 4725 1202 4772 add.
1220 4723 1253 4774 D.

223 4797 712 4870 audrescrrcdtoitsplacabyaoaret.
751 4853 752 4856 ,
801 4805 923 4870 111]111.
956 4801 1020 4854 B.D.
