3300 5666
372 817 437 882 352
664 817 855 882 *onomaton
878 831 1131 884 numerosum

205 997 331 1048 TheHis-
374 1007 554 1084 Medorum,
578 1011 612 1072 et
636 1007 755 1072 Gaium
788 1005 959 1070 Metellum
982 1013 1174 1086 senatorem,
1201 1009 1317 1094 quarto
1349 1007 1423 1072 Ser·

205 1073 263 1130 tory
274 1067 305 1116 of

206 1133 279 1196 King

206 1199 310 1250 Arthur.

374 1111 497 1176 torium
521 1133 630 1196 regem
651 1109 767 1196 Libyes
791 1113 825 1174 et
850 1109 1005 1174 Milviurn
1028 1115 1229 1188 senatorem3
1255 1111 1326 1176 haec
1349 1127 1419 1176 ΗΠ.

373 1215 507 1300 agmina
536 1213 573 1278 in
602 1213 710 1300 prima
741 1207 810 1280 acie
833 1219 961 1280 statuta
989 1215 1133 1296 fuerunt,
1166 1221 1200 1280 et
1229 1219 1303 1302 post
1325 1215 1418 1302 ipsa¹

373 1317 438 1384 alie
454 1337 568 1394 1111.‚a
591 1317 684 1382 dorso
710 1341 849 1404 quorum
872 1319 932 1382 uni
956 1315 1083 1382 Sersem
1106 1341 1217 1406 regem
1233 1317 1423 1382 Iiurorurn2

372 1429 630 1510 praeposuerunt,
654 1425 750 1490 alteri
786 1425 990 1490 Pandrasum
1021 1447 1131 1510 regem
1154 1425 1301 1510 AEgypti,
1324 1425 1422 1488 tertio

374 1525 551 1592 Polioetem
586 1527 700 1590 ducem
738 1525 917 1612 Phrygia?
955 1531 1072 1610 quarto
1112 1527 1270 1592 Teucrum
1309 1527 1423 1592 ducem

375 1629 553 1714 Bithyniae.
593 1629 673 1692 Post
694 1629 764 1692 haec
787 1649 915 1714 quoque
939 1627 1111 1706 alia1111.;
1134 1629 1239 1712 primo
1262 1627 1424 1694 dederunt

375 1733 539 1810 Quintum
567 1729 744 1796 Oaruoium
775 1735 966 1808 senatorem,
999 1731 1140 1796 seeundo
1172 1729 1311 1796 Laelium
1334 1729 1422 1794 Osti-

374 1823 492 1912 ensem,
507 1831 609 1898 tertio
633 1829 813 1918 Sulpicium
838 1831 1071 1910 Subbueulmn
1088 1835 1206 1916 quarto
1231 1831 1422 1898 Mauricium

375 1935 570 2014 Silvanum
593 1935 662 2018 ipse
686 1937 798 2000 autem
822 1935 910 2000 inter
941 1957 995 2000 eos
1026 1957 1115 2000 nunc
1148 1937 1209 2000 hac
1238 1957 1326 2000 nunc
1348 1937 1424 2000 illac

374 2037 548 2102 incedebat
570 2037 783 2122 suggerendo,
808 2037 962 2114 docendo,
975 2037 1121 2122 'qualiter
1141 2037 1231 2102 sese4
1253 2035 1420 2102 haberent.

375 2137 417 2204 In
450 2139 558 2204 medio
592 2139 692 2204 etiam
733 2159 863 2204 auream
897 2141 1052 2224 aquilam,
1085 2161 1182 2223 quam
1212 2161 1270 2226 pro
1301 2139 1423 2204 vexillo
1498 2183 1499 2188 η

374 2241 524 2320 duxerat,
551 2241 652 2326 jussit
687 2241 827 2308 firmiter
855 2241 957 2328 poni⁵
979 2245 1018 2306 ut
1040 2247 1075 2306 et
1098 2261 1306 2326 quoscunque
1330 2261 1422 2306 casus

374 2347 574 2430 segregasset
598 2344 790 2410 submonuit
821 2350 860 2410 ut
891 2345 933 2408 ad
967 2365 1038 2408 eam
1066 2343 1188 2408 reverti
1228 2343 1423 2408 festinanter

375 2451 579 2514 conarentur.

787 2797 867 2868 oar.
894 2795 1014 2864 LXVI.

338 3045 339 3048 =
422 3005 610 3080 POSTQUAM
643 3011 754 3072 autem
792 3007 828 3070 in
866 3005 1005 3076 adversa
1036 3009 1130 3092 parte
1161 3005 1239 3070 hinc
1271 3005 1425 3070 Britones

376 3105 493 3171 illino⁶
517 3107 660 3172 Romani
689 3109 804 3172 erectis
827 3113 992 3174 steterunt
1007 3107 1090 3188 telis,
1116 3107 1287 3172 confestim
1310 3107 1424 3172 andito
1519 3179 1520 3182 Ἴ

376 3209 581 3274 classicorum
616 3211 729 3276 sonitu
761 3233 881 3298 agmen
905 3209 989 3274 illud
1013 3211 1066 3274 oui
1088 3209 1254 3274 Alifatine
1283 3233 1326 3274 ex
1349 3209 1427 3278 His·

374 3311 498 3398 pannio
522 3317 556 3376 et
580 3311 699 3380 Lucius
728 3311 874 3378 Catellus
896 3317 1058 3398 praeerant
1089 3313 1125 3376 in
1145 3318 1311 3378 catervam
1334 3313 1425 3380 iilam

375 3437 474 3500 quam
499 3435 561 3478 rex
583 3413 705 3480 Scooiae
730 3419 763 3478 et
791 3415 861 3480 dux
885 3413 1062 3482 Oornubiae
1085 3413 1250 3482 ducebant
1271 3415 1428 3480 audacter

374 3517 481 3596 irruit,
520 3517 576 3582 sed
614 3517 706 3582 illam
736 3519 851 3584 stricte
888 3517 1068 3582 irruentem
1098 3515 1329 3602 nequaquam⁷
1361 3517 1425 3584 dis-

375 3641 510 3706 gregare
533 3617 666 3704 potuit.8
727 3619 790 3686 Oui
821 3623 933 3706 itaque
965 3619 1142 3686 saevissime
1179 3619 1352 3686 invadenti
1375 3641 1428 3684 oc-

376 3725 478 3786 currit
500 3727 633 3788 oaterva
655 3743 755 3806 quam
778 3723 921 3788 Geriuus
944 3725 977 3788 et
999 3723 1085 3786 Boeo
1105 3721 1271 3808 regebant,
1290 3727 1324 3788 et
1347 3723 1426 3788 dum

375 3825 448 3902 alia,
472 3829 511 3890 ut
532 3825 729 3910 'praedictum
752 3829 810 3902 est,
827 3825 1001 3902 resisteret,
1018 3825 1127 3890 subito
1150 3845 1245 3890 cursu
1268 3845 1426 3910 equorum

375 3927 537 4014 impetum
559 3927 596 3992 in
620 3927 735 3992 eadem
755 3927 843 4008 fecit,
860 3931 894 3992 et
916 3931 1089 4012 penetrata
1114 3927 1173 3992 illa
1195 3927 1345 3992 obviavit
1372 3949 1428 4014 ag-

375 4029 458 4092 mini
496 4029 584 4112 quod
622 4051 681 4094 rex
721 4029 920 4094 Parthorum
959 4029 1099 4094 ducebat
1136 4035 1253 4094 contra
1282 4035 1425 4096 turmam

377 4131 492 4196 Asoilli
511 4131 597 4218 regis
621 4129 794 4196 Dacorum.
841 4129 910 4196 Neo
934 4151 1035 4210 mora,
1057 4137 1258 4220 concurrunt
1282 4133 1426 4220 undique

1172 4349 1317 4358 -—=·-·—·---.m
1328 4349 1369 4358 -νι-υ-
1373 4349 1407 4358 -w-
1411 4349 1431 4356 -ιιἸ

410 4493 497 4558 ἐ’ρεα]
515 4495 578 4544 haec.
613 4495 643 4546 B.
959 4487 969 4516 ⁵
976 4489 1050 4552 poni]
1070 4487 1168 4550 apponi.
1202 4487 1233 4538 B.

407 4573 562 4638 eremorum]
582 4575 736 4624 Ituraeorum.
777 4573 840 4622 B.D.
959 4565 1057 4632 Ullius]
1076 4567 1144 4616 hine.
1178 4565 1243 4616 Bd).

407 4649 554 4716 ³Ptryyioe]
572 4651 669 4700 Frisiae.
703 4653 733 4700 B.
958 4645 1140 4708 7ντεςμιιιιμιαηι]
1159 4661 1208 4694 om.
1242 4645 1309 4696 RD.

407 4729 490 4794 *sese]
511 4745 558 4780 eos.
593 4729 624 4782 Β.
956 4729 966 4756 ⁸
972 4725 1066 4794 potuit]
1086 4739 1145 4772 non.
1157 4737 1242 4790 praem.
1277 4727 1309 4778 D.

1593 933 1608 980 r
