3300 5666
377 831 442 910 tit
677 845 860 906 curceium
882 845 1129 904 Hrsrenunun
1234 929 1239 938 Ι

770 1167 849 1234 Otr.
875 1167 1030 1234 LXXIV.

209 1391 351 1448 noeane
422 1369 489 1436 Hls
511 1369 624 1454 itaque
655 1371 798 1462 peractis
831 1371 985 1436 suecessit
1009 1369 1204 1436 Oswaldus¹
1230 1369 1266 1434 in
1289 1387 1425 1454 regnum

206 1461 342 1580 effigia*
376 1471 635 1550 Nerthumbrire,
664 1493 761 1562 quem
799 1475 1012 1538 vehementer
1052 1471 1221 1538 Oadwallo
1259 1473 1425 1536 insecutus

208 1593 276 1646 AD.
290 1601 345 1646 634.
376 1577 434 1640 est.
458 1577 579 1640 Postea
608 1575 701 1640 misit
717 1573 885 1640 Oadwasso
911 1573 1110 1638 Merciorum
1124 1595 1235 1660 regem
1259 1573 1427 1640 Peandam

375 1677 412 1742 in
434 1697 643 1762 congressum
666 1679 781 1742 contra
806 1675 1006 1754 Oswaldum
1031 1675 1089 1760 qui
1115 1697 1192 1742 eum
1215 1675 1367 1742 obsidens
1390 1675 1426 1740 in

376 1781 520 1864 quodam
542 1797 656 1864 eampo
682 1777 739 1862 qui
773 1775 897 1842 dieitur
920 1775 1118 1856 Heuenfeld
1142 1777 1260 1858 idest,
1284 1777 1426 1844 eoelestis

376 1901 517 1964 campus,
554 1879 729 1946 Oswaldus
764 1879 812 1944 ibi
854 1901 983 1946 erucem
1022 1879 1150 1964 erigens
1183 1877 1240 1946 ct²
1274 1879 1425 1946 omnibus

375 1983 443 2048 suis
473 1981 597 2046 indixit
632 1985 670 2046 ut
704 1981 740 2046 in
772 1981 825 2046 his
855 1981 966 2048 verbis
996 1981 1039 2046 ad
1069 1981 1190 2048 coelum
1224 1981 1423 2048 clamarent:

377 2083 563 2150 Fleetamus
595 2105 703 2170 genua
735 2105 848 2150 omnes
882 2089 917 2150 et
950 2083 1060 2148 Deum
1084 2081 1354 2168 Omnipotentem
1377 2085 1426 2150 vi·

375 2185 477 2250 vum³
501 2191 534 2250 et
557 2207 672 2250 vermn
707 2187 743 2248 in
776 2185 943 2250 communi
978 2187 1187 2272 deprecemur
1221 2189 1260 2250 ut
1293 2207 1353 2250 nos
1385 2187 1425 2250 ab

376 2287 526 2354 exercitu
557 2285 697 2372 superbo
720 2287 911 2354 Britannici
934 2287 1021 2374 regis
1046 2291 1079 2352 et
1112 2285 1257 2372 ejusdem
1291 2287 1426 2354 nefandi

376 2389 470 2456 ducis
493 2387 652 2456 Pandae*
675 2389 837 2456 defendat.
879 2389 924 2454 Et
939 2389 986 2456 sie
1008 2391 1202 2476 incipientes
1226 2389 1368 2456 diluculo
1391 2391 1426 2454 in
1590 2467 1593 2484 ψ

375 2491 486 2554 hostes
508 2491 670 2578 progressi
689 2489 790 2576 juxta
811 2491 966 2556 meritum
983 2515 1052 2558 suae
1065 2493 1145 2558 fidei
1162 2491 1302 2558 victoria
1325 2495 1425 2578 potiti
1501 2555 1502 2558 ,
1589 2549 1592 2578 2

210 2611 277 2662 An.
291 2617 345 2662 em.
376 2597 465 2670 sunt,
491 2595 579 2678 quod
600 2599 641 2658 ut
657 2593 864 2658 Oadwassoni
886 2595 1079 2658 nuntiatum
1103 2597 1153 2658 est
1172 2595 1239 2660 acri
1262 2595 1311 2658 ira
1333 2595 1423 2680 igne-
1580 2585 1582 2592 '

211 2679 330 2796 {ffiai'y
377 2717 468 2758 scens
498 2695 630 2780 collegit
664 2695 846 2760 exercitum
869 2701 903 2760 et
934 2701 1084 2762 sanetum
1108 2717 1222 2780 regem
1252 2695 1424 2762 insecutus

210 2811 328 2890 Oswyscf
377 2801 437 2876 est,
452 2803 495 2862 et
515 2797 633 2862 collato
655 2797 770 2882 proelio
792 2797 830 2864 in
851 2797 920 2864 loco
944 2799 1002 2882 qui
1024 2795 1140 2862 Burn5
1163 2803 1301 2864 vocatur
1322 2797 1449 2862 medi-'

208 2879 346 2996 {⁹3¹ng
378 2903 456 2966 ante
479 2901 612 2966 Peanda
635 2899 828 2966 interfectus
850 2905 906 2964 est.

350 2983 354 2996 ¹
423 3001 595 3086 Peremptc
622 2999 775 3066 Oswaldc
798 3001 901 3066 frater
928 3001 998 3086 ejus
1021 2999 1136 3068 oswiss
1160 2999 1341 3066 suecessit⁷
1369 3003 1425 3088 qui

377 3123 453 3168 eum
485 3101 652 3168 Edelsridc
687 3103 756 3168 filio
786 3105 873 3188 regis
905 3101 1050 3168 Oswaldi
1089 3107 1124 3168 et
1163 3125 1236 3168 eum
1271 3101 1423 3170 Oswaldc

377 3205 444 3268 filio
465 3203 575 3268 fratris
597 3203 648 3268 sui
669 3203 943 3290 inquietationem
969 3227 1095 3292 semper
1120 3227 1255 3272 movens
1274 3227 1294 3270 a
1318 3207 1425 3292 patria

375 3307 481 3372 natali
506 3307 661 3392 propulit,
680 3307 736 3392 qni
752 3305 923 3374 adientes⁸
941 3307 1013 3394 regi
1037 3307 1233 3374 Marciorum
1262 3307 1425 3376 Peandte⁹

376 3411 545 3494 conquesti
587 3415 666 3474 sunt
710 3409 873 3476 auxilium
893 3411 1095 3496 „flagitanda
1141 3409 1189 3476 At
1214 3411 1347 3476 Peanda
1380 3411 1422 3476 ti-

375 3533 468 3578 mans
499 3533 610 3600 pacem
645 3511 823 3600 infringere
854 3533 953 3598 quam
991 3513 1158 3578 Oadwallc
1187 3535 1245 3600 per
1285 3535 1422 3600 regnum

377 3615 561 3680 Britanniae
593 3619 765 3692 steinensi,
798 3615 929 3680 distulit
966 3615 1036 3680 sine
1066 3616 1199 3680 licentia
1229 3637 1288 3680 sua
1316 3613 1423 3700 inqui-

377 3719 555 3782 etationem
579 3717 721 3804 incipere
752 3719 855 3782 donec
877 3719 971 3782 illum
998 3719 1107 3802 aliquo
1134 3719 1230 3782 modo
1261 3717 1422 3796 incitaret,

376 3821 432 3886 vei
460 3827 499 3886 nt
529 3821 597 3906 ipse
623 3821 659 3884 in
683 3819 832 3884 Oswium
858 3839 967 3906 regern
991 3821 1173 3906 insurgeret
1194 3818 1249 3884 vel
1279 3819 1343 3884 sibi
1373 3839 1424 3882 ec-

378 3925 468 4010 piam
484 3923 714 4010 congrediendi
731 3943 804 3986 eum
832 3943 870 3986 eo
902 3923 1100 3986 concederet.
1147 3921 1273 3986 Petivit
1289 3923 1388 3986 etiarn
1402 3917 1426 3956 ¹⁰

377 4013 512 4094 Peanda
548 4049 569 4090 a
606 4047 685 4112 rege
710 4025 924 4090 Oadwailcne
939 4023 962 4058 ¹¹
995 4023 1166 4088 licentiam
1190 4023 1423 4110 congrediendi

381 4227 650 4236 —...-·.·--—---—--.---

411 4355 416 4382 ¹
430 4353 534 4406 Sanctus
546 4353 684 4408 Oswaldus.
697 4351 723 4404 in
734 4369 814 4418 marg.
838 4353 872 4406 D.
953 4355 962 4382 ⁶
978 4355 1059 4422 Ocu-i]
1081 4355 1165 4422 Osuy.
1199 4353 1265 4406 BD.
1299 4355 1398 4418 passim.

407 4433 464 4498 ²et]
485 4451 534 4484 cm.
566 4435 628 4486 BD.
952 4435 1102 4500 innormen]
1123 4435 1155 4484 ei.
1168 4451 1251 4500 praem.
1286 4433 1318 4484 D.

408 4515 682 4564 ⁸Sanctus0swaldus.
701 4513 728 4564 in
739 4529 819 4580 marg.
837 4511 871 4562 A.
953 4513 1092 4578 8ασῖίεητεε]
1112 4515 1237 4564 adeuntes.
1274 4515 1303 4564 B.

407 4593 496 4642 ⁴ducis
524 4593 641 4658 Piandoe]
671 4591 791 4658 principis
824 4593 873 4642 Pe·
951 4593 1089 4658 ”Penndae]
1100 4593 1212 4642 Ptandae.
1224 4593 1254 4644 B.
1262 4593 1363 4644 Pendac.
1373 4591 1407 4644 D.

374 4675 454 4724 anda.
488 4673 518 4724 B.
551 4673 784 4736 principisPendae.
803 4673 836 4724 D.
953 4673 971 4702 ¹⁰
984 4673 1068 4738 etiam]
1089 4679 1178 4724 autem.
1215 4673 1247 4724 D.

407 4753 513 4818 ⁵Burn]
532 4753 607 4802 Buri.
641 4753 670 4802 B.
951 4753 967 4784 ¹¹
980 4767 1061 4816 crepe
1076 4751 1242 4818 Oadwudcne]
1262 4765 1309 4802 om.
1344 4751 1377 4802 D.
