3300 5666
350 901 416 962 332
641 909 823 964 amomum
846 913 1092 964 msroamuuu.

348 1109 369 1150 a
399 1087 546 1172 sapiente
575 1087 780 1174 praevidetur
818 1087 993 1174 diligenter
1023 1109 1097 1154 oum
1133 1087 1176 1152 ad
1201 1091 1311 1152 actum
1349 1109 1400 1150 ac-

349 1189 436 1254 cedit
462 1187 588 1256 facilius
618 1190 786 1256 toleratur.
834 1189 978 1256 Facilius
1010 1189 1096 1254 enim
1127 1191 1399 1274 inquietationem

236 1281 251 1306 ⁶
283 1349 288 1362 ‚
349 1291 443 1356 Lucii
465 1291 602 1358 tolerare
632 1295 813 1380 poterimus
843 1293 872 1358 si
902 1293 1068 1358 communi
1099 1291 1210 1356 studio
1232 1293 1401 1378 praemedi-

347 1393 413 1458 tati
430 1393 595 1476 fuerimus,
613 1395 732 1480 quibus
755 1395 860 1462 modis
884 1417 955 1460 eam
971 1395 1143 1460 debilitare
1166 1395 1397 1474 institerimus,

348 1517 447 1582 quam
473 1519 539 1562 nou
564 1497 709 1562 multum
739 1493 835 1562 nobis
858 1497 1026 1562 timenda1
1052 1519 1120 1562 esse
1143 1497 1306 1576 existimo,
1323 1519 1398 1562 cum
1495 1511 1499 1520 '

347 1601 566 1668 irrationabili
589 1623 688 1664 causa
710 1601 824 1686 exigat
848 1601 1014 1666 tributum
1041 1601 1130 1686 quod
1156 1623 1197 1666 ex
1222 1601 1398 1664 Britannia

346 1703 465 1768 habere
493 1701 663 1766 desiderat.
704 1701 794 1766 Dicit
819 1703 906 1766 enim
930 1701 1039 1786 ipsum
1064 1703 1127 1766 sibi
1152 1701 1248 1766 dari2
1271 1703 1396 1784 debere,

347 1805 425 1890 quia
463 1803 487 1868 J
488 1801 554 1876 ulio
592 1803 784 1888 caeterisque
823 1801 1083 1868 successoribus3
1123 1805 1190 1868 suis
1229 1805 1396 1870 redditum

346 1905 455 1984 fuerit,
481 1905 539 1992 qui
575 1905 710 1970 dissidio
734 1909 885 1970 veterum
924 1909 1113 1976 nostrorum
1152 1907 1289 1970 invitati
1322 1929 1396 1970 cum

347 2013 489 2088 armata,
503 2029 605 2072 mauu
635 2007 875 2094 applicuerunt,
899 2013 999 2092 atque
1037 2009 1179 2096 patriam
1210 2007 1397 2072 domesticis

347 2111 492 2174 motibus
527 2111 737 2174 vacillantem
779 2133 848 2176 suae
887 2111 1045 2198 potestati
1095 2109 1131 2174 vi
1172 2115 1207 2174 et
1237 2111 1398 2174 violentia

348 2213 579 2278 submiserunt.
641 2213 729 2292 Quia
758 2235 836 2300 ergo
866 2235 939 2278 eam
974 2213 1036 2278 hoo
1073 2213 1169 2284 modo
1205 2213 1318 2300 adepti
1348 2213 1399 2276 fu*

348 2321 456 2396 erunt,
487 2315 629 2402 uectigal
659 2339 703 2380 ex
725 2337 764 2382 ea
797 2315 920 2400 injuste
950 2321 1113 2402 ceperunt.
1161 2315 1257 2380 Nihil
1289 2313 1400 2380 eniml

348 2417 437 2504 quod
474 2417 510 2482 ui
540 2423 574 2482 et
600 2417 762 2482 violentia
791 2417 981 2504 adquiritur
1001 2417 1094 2502 juste
1125 2417 1167 2482 ab
1198 2417 1265 2482 ullo
1298 2417 1399 2504 possi*

1571 749 1586 1382 l

348 2519 467 2600 detur3
497 2519 554 2606 qui
585 2519 779 2584 violentiam
809 2519 927 2586 intulit
962 2519 1223 2586 irrationabilem
1266 2543 1398 2584 causam
1505 2543 1506 2546 ¹
1584 2555 1587 2570 ι

349 2621 527 2710 praetendit
564 2645 630 2708 qua
659 2645 720 2690 nos
738 2625 779 2688 in
800 2621 866 2688 re⁵
897 2623 960 2688 sibi
988 2621 1182 2688 tributarios
1212 2645 1282 2690 esse
1312 2623 1399 2688 arbi-

351 2729 466 2790 tratur.

397 2827 508 2906 Quum
536 2831 645 2894 autem
679 2827 715 2892 id
745 2827 833 2912 quod
864 2827 1024 2912 injustum
1056 2831 1107 2892 est
1138 2851 1159 2892 a
1191 2827 1285 2892 nobis
1316 2849 1399 2912 pree-

352 2931 492 3014 sumpsit
515 2931 654 3016 exigere,
678 2929 840 2994 consimili
871 2929 1000 2996 ratione
1022 2933 1173 3014 petamus
1196 2929 1237 2992 ab
1261 2927 1318 2990 illo
1342 2929 1401 2992 tri-

352 3029 471 3096 butum
495 3031 618 3110 Romae,
644 3035 677 3096 et
701 3031 759 3116 qui
780 3029 895 3094 fortior
917 3029 1022 3094 suerit
1041 3029 1125 3094 ferat
1148 3029 1236 3114 quod
1259 3029 1401 3094 habere⁶

352 3131 545 3218 exoptavit.⁷
591 3131 624 3196 N
626 3155 678 3196 am
704 3133 782 3216 quia
803 3131 916 3196 Julius
934 3131 1045 3196 Caesar
1067 3131 1243 3216 caeterique
1259 3131 1401 3194 Romani

351 3257 443 3320 reges
479 3233 689 3296 Britanniam
724 3233 801 3298 olim
836 3233 1100 3320 subjugaverunt
1134 3233 1275 3320 vectigal
1313 3255 1401 3296 nunc

351 3335 468 3402 debere
491 3335 555 3400 sibi
586 3359 628 3400 ex
662 3335 720 3398 illa
754 3335 849 3400 reddi
887 3335 1042 3412 decernit,
1067 3335 1170 3400 sicet
1203 3357 1262 3422 ego
1286 3355 1400 3400 censeo

309 3513 311 3518 ,
352 3439 440 3524 quod
475 3431 579 3504 Roma
611 3437 695 3502 mihi
725 3437 890 3502 tributum
922 3439 1000 3502 dare
1035 3436 1134 3503 debet
1156 3439 1234 3524 quia
1256 3441 1398 3504 anteces·
1469 3523 1470 3530 ἵ

351 3563 437 3608 sores
460 3543 525 3606 mei
548 3561 621 3608 eum
644 3539 832 3626 antiquitus
854 3539 1080 3606 obtinuerunt.

396 3643 531 3708 Belinus
554 3643 677 3708 etenim
694 3643 748 3708 ille
771 3643 996 3708 serenissimus
1009 3665 1069 3712 rex
1085 3641 1259 3708 Britonum
1275 3643 1401 3706 auxilio

351 3745 462 3810 fratris
485 3747 537 3810 sui
559 3745 695 3810 Brennii
717 3731 797 3818 usus
820 3745 985 3832 suspensis
1008 3745 1044 3808 in
1064 3745 1173 3810 medio
1194 3745 1264 3810 foro
1280 3761 1398 3808 xxrnr.

351 3847 567 3912 nobilioribus
590 3847 747 3912 Romanis
770 3845 885 3910 urbem
908 3851 1073 3934 ceperunt,
1098 3851 1293 3932 captamque
1316 3847 1398 3910 mul-

352 3949 396 4014 tis
419 3951 620 4036 temporibus
642 3949 860 4036 possiderunt.

397 4051 645 4130 Constantinus,
685 4051 825 4118 Helenae
862 4051 959 4130 filius,
1004 4073 1133 4118 necnon
1166 4051 1398 4128 Maximianus,
1437 4037 1438 4040 Ἴ

352 4159 489 4238 uterque
512 4153 593 4218 mihi
613 4155 806 4242 cognatione
829 4155 1040 4244 propinquus,
1057 4155 1140 4220 alter
1162 4159 1237 4242 post
1259 4157 1399 4220 alterum

352 4405 1395 4422 mmmmm-m

387 4599 393 4628 ¹
407 4595 523 4662 trinomia]
542 4595 684 4652 timendam.
719 4585 783 4646 BD.
935 4587 1025 4638 *Nota
1043 4587 1070 4638 in
1084 4603 1163 4652 marg.
1197 4589 1265 4640 AD.

386 4679 476 4742 2ciceri]
495 4679 561 4728 dare.
579 4679 609 4728 B.
640 4679 714 4728 Nota.
732 4677 759 4724 in
771 4691 848 4742 marg.
935 4669 981 4718 δίη
998 4669 1035 4732 re]
1051 4667 1116 4730 jure.
1134 4669 1198 4720 BD.

354 4761 378 4808 D
934 4745 1053 4812 6tortere]
1072 4763 1120 4798 om.
1154 4749 1219 4798 B.D.
1317 4799 1320 4804 ¹

384 4835 804 4908 ³successoribus]antecessoribus.
816 4835 848 4884 D.
934 4823 1086 4892 lexopt'aou]
1106 4833 1212 4892 exoptat.
1241 4827 1274 4878 D.
