3308 5666
339 847 405 912 266
636 855 816 910 aoroeruu
840 857 1090 914 ursrorumeun.
1197 927 1199 932 ,

339 1053 402 1106 quae
427 1037 580 1106 atempore
599 1033 675 1088 Luoii
696 1033 766 1106 regis
787 1037 895 1106 integra
912 1039 939 1090 et
959 1037 1119 1092 intemerata
1141 1037 1298 1106 pennensit.
1336 1035 1390 1092 Su=

338 1127 495 1192 pervenerat
518 1121 592 1176 enim
617 1121 802 1178 Maximianus
828 1123 962 1180 Hercules
992 1125 1117 1194 princeps
1142 1125 1245 1178 militiae
1268 1123 1389 1194 praedicti

338 1205 456 1278 tyranni,
476 1203 553 1276 cujus
577 1205 688 1274 imperio
721 1207 855 1264 subversae
880 1211 946 1262 sunt
970 1223 1064 1262 omnes
1092 1206 1208 1262 ecelesiae
1231 1211 1258 1262 et
1283 1207 1389 1262 cun'etee

340 1307 421 1344 sacrae
441 1289 581 1360 scripturae
602 1307 664 1362 quae
687 1289 801 1346 inveniri
825 1293 952 1362 poterant
975 1289 1006 1344 in
1026 1287 1123 1344 mediis
1144 1289 1254 1360 ignibus
1277 1293 1388 1352 exustae,

339 1377 421 1442 atque
443 1371 518 1426 eiecti
543 1373 692 1428 sacerdotes
712 1391 775 1428 cum
797 1373 927 1428 fidelibus
947 1373 997 1428 sibi
1016 1371 1134 1428 subditis
1158 1371 1275 1426 cruciati.
1315 1373 1389 1426 Iutcr

340 1459 450 1510 caeteros
469 1455 611 1526 utriusque
629 1473 711 1510 sexus
729 1473 837 1512 summa
857 1455 1084 1526 magnanimitate
1107 1455 1136 1508 in
1161 1455 1216 1512 acie
1239 1457 1389 1526 perstantes

339 1555 436 1610 passus
455 1543 496 1596 est
516 1537 633 1598 Sanetus
646 1539 780 1606 Albanus.
817 1539 886 1594 Haec
909 1541 1024 1598 Brutus.
1063 1537 1110 1610 [B.
1123 1537 1162 1610 a]

743 1835 822 1904 Ore.
849 1835 994 1904 XXXII.

392 2027 471 2090 Rex
499 2025 602 2112 igitur
642 2027 852 2094 Britannicus
890 2027 1024 2094 collecta
1061 2051 1161 2094 manu
1191 2033 1391 2096 armatorum

347 2127 584 2194 Trirrovantum
607 2129 697 2208 adiit,
721 2129 811 2196 iliam
835 2129 971 2210 obsedit,
996 2131 1158 2196 obsessam
1182 2131 1218 2196 vi
1236 2135 1269 2198 et
1292 2133 1391 2196 armis

347 2237 441 2322 oepit,
471 2235 589 2300 Aileo¹
635 2237 749 2302 ducem
794 2233 979 2302 Romanum
1025 2237 1149 2302 oceidit.
1196 2237 1291 2302 Alius
1328 2237 1392 2302 suit

348 2337 515 2404 Romanus
545 2339 602 2424 qui
631 2339 694 2404 sibi
723 2339 954 2420 associabatur,
983 2339 1041 2424 qui
1079 2343 1113 2404 et
1152 2345 1283 2404 senator
1319 2339 1392 2418 fuit,

347 2441 479 2506 nornine
500 2441 618 2504 Wallo.
665 2441 730 2504 Hie
758 2441 888 2506 fortiter
917 2463 1068 2528 pugnans
1098 2447 1133 2506 et
1160 2441 1281 2506 multos
1311 2443 1392 2508 oooi-
1494 2461 1495 2464 ’

347 2543 428 2608 dens
455 2543 591 2606 tandem
632 2543 768 2630 eaptus,2
797 2549 831 2608 et
867 2543 978 2630 ligatis
1009 2543 1161 2636 manibus
1192 2549 1225 2608 et
1254 2543 1392 2630 pedibus

348 2645 384 2708 in
413 2645 555 2732 quodam
583 2645 668 2708 vado
693 2645 821 2712 civitati
850 2669 978 2710 annexo
1008 2645 1233 2732 praecipitatur
1248 2645 1277 2728 3³
1306 2647 1392 2712 unde

348 2749 471 2816 vadum
500 2747 561 2814 hoc
583 2747 624 2812 ab
648 2771 685 2814 eo
708 2769 827 2816 nomen
855 2749 1041 2835 assumpsit,
1065 2751 1152 2836 quod
1174 2771 1275 2836 usque
1297 2747 1394 2816 hodic

183 2873 327 2924 walbrook.
349 2857 486 2918 vocatur
511 2849 723 2918 Wallebrok.4

395 2955 486 3020 Tunc
523 2975 584 3020 rex
621 2953 677 3018 ilie
719 2975 775 3040 per
814 2955 920 3020 multa
959 2959 1109 3040 tempora
1150 2975 1278 3020 summa
1316 2975 1395 3040 pace

351 3055 520 3144 quietavit.
566 3055 713 3120 Tandem
749 3079 834 3122 unus
872 3065 978 3122 eomes
1017 3057 1058 3122 de
1100 3055 1281 3134 Britannia,
1316 3057 1395 3122 Ooel

185 3173 327 3226 colchester
350 3161 492 3240 nomine,
515 3159 594 3224 fecit
615 3179 716 3224 unam
737 3159 987 3244 pulcherrimam
1011 3161 1133 3240 viliam,
1157 3161 1290 3226 nomine
1318 3161 1394 3226 001-

184 3241 302 3316 founded.
353 3265 485 3342 chestre,
502 3267 576 3352 post
598 3283 719 3326 nomen
740 3283 835 3328 suum
852 3263 1060 3328 nominatum
1068 3261 1095 3342 ,3⁵
1118 3263 1294 3330 Kaereoiin
1315 3267 1395 3330 tune

351 3365 552 3434 vocabatur.⁶
606 3365 679 3432 Rex
708 3389 785 3434 vero
822 3367 1015 3458 indignatus
1043 3367 1131 3456 quod
1160 3367 1242 3434 talia
1277 3367 1396 3434 faceret

353 3473 436 3538 sine
452 3469 503 3536 sui
528 3471 662 3536 licentia
690 3491 839 3558 guerram
861 3473 899 3538 in
929 3495 1003 3536 eum
1033 3471 1139 3536 movit
1168 3471 1395 3536 durissimam.⁷

355 3573 470 3638 Oornes
494 3579 605 3638 autern
627 3573 696 3658 regi
718 3571 753 3638 in
776 3575 928 3638 omnibus
950 3573 1131 3638 resistebat.
1178 3573 1263 3660 Ipsis
1286 3577 1396 3638 autem

354 3677 588 3744 dimicantibus
627 3675 708 3740 Coei
735 3675 876 3743 viatoria
905 3677 1040 3764 potitur,
1064 3681 1098 3750 et
1127 3699 1187 3744 rex
1220 3675 1396 3742 Britonnm
1436 3747 1437 3750 Ἴ

354 3783 392 3848 in
422 3785 564 3870 stragem
596 3779 741 3848 occisus.8

189 3935 249 3986 ecel
259 3935 323 4000 king
400 3883 479 3950 Coel
501 3887 603 3974 igitur
616 3889 798 3970 coronatur
823 3885 860 3950 in
890 3907 999 3974 regem
1022 3889 1056 3950 et
1085 3889 1209 3974 regnat.
1256 3881 1398 3952 Romani

188 4003 331 4054 otBritatn.
354 4005 465 4076 regem
503 3989 675 4074 antiquum
714 3989 882 4056 audientes
918 3989 1059 4054 occisum
1098 3989 1194 4054 valde
1235 3989 1398 4056 laetantur.

1294 4153 1397 4162 ——fl-mc-ssfl

389 4245 396 4274 ¹
409 4241 491 4306 Aliae]
510 4243 597 4294 Allek.
629 4243 695 4294 B.D.
935 4243 1084 4294 ὃΙίαθνοοῖἰη
1094 4251 1149 4294 tunc
1159 4243 1302 4310 uocabatur]
1310 4241 1401 4296 Added

390 4323 511 4386 ²euptus]
531 4329 574 4372 est.
593 4323 648 4372 add.
680 4323 745 4372 B.D.
902 4325 929 4372 in
941 4325 984 4374 the
995 4325 1095 4388 margin
1104 4325 1135 4372 of
1141 4325 1175 4376 A.
1193 4325 1220 4372 in
1232 4325 1274 4374 the
1292 4325 1401 4376 author's

391 4403 401 4430 ³
408 4401 591 4474 precipitatur]
611 4401 780 4464 precipitavit.
822 4403 855 4452 D.
902 4403 978 4462 hand,
998 4403 1047 4452 and
1064 4403 1174 4452 referred
1192 4409 1218 4452 to
1237 4403 1269 4454 its
1286 4403 1357 4466 place
1375 4403 1402 4452 iu

390 4477 564 4544 ⁴Wadebrot]
597 4475 772 4532 'Wallebrcke
824 4481 854 4530 B.
903 4483 946 4532 the
956 4487 1012 4532 text
1023 4481 1169 4546 byaoaret.

357 4551 513 4612 Wallebrok.
530 4557 556 4606 in
572 4573 652 4622 marg.
683 4559 751 4610 Am.
785 4557 855 4612 Wal-

358 4639 467 4690 lebroke.
484 4637 511 4688 in
527 4651 606 4702 marg.
639 4637 671 4686 B.

392 4717 570 4784 ⁵ncmiuotum]
585 4715 745 4768 nominatam.
761 4719 792 4772 B.
809 4733 855 4770 ro·
936 4713 1061 4780 8οεοίείιε]
1081 4721 1125 4772 est.
1158 4715 1214 4768 add.
1247 4713 1311 4766 B.D;

359 4805 447 4850 eatam.
482 4799 515 4850 D.

935 4599 1116 4666 ⁷durissimem]
1136 4601 1294 4652 dirissimam.
1327 4601 1361 4652 D.
