3308 5666
419 899 599 950 uuoooruu
623 895 871 948 ursroumnuu.
1106 885 1168 948 193

165 1073 273 1140 Istum
305 1073 519 1140 Willielmum
561 1069 754 1160 generavit¹
788 1071 966 1156 praedictus
1000 1071 1164 1136 Robertus

118 1175 189 1240 dux
213 1175 247 1240 N
248 1175 428 1240 ormanuiee
451 1197 493 1238 ex
516 1175 647 1238 Helena
672 1171 854 1238 concubina
866 1197 874 1250 ;
897 1173 990 1258 cujus
1016 1171 1165 1260 speciosi-

116 1283 220 1342 tatem
257 1277 293 1342 in
330 1279 446 1344 chorea
484 1277 698 1364 tripudiantis
737 1295 812 1340 casu
844 1277 1060 1352 considerans,
1094 1295 1164 1340 eam

117 1381 210 1466 quasi
224 1401 360 1444 uxorem
383 1379 478 1444 unice
502 1379 642 1466 diligens
665 1379 703 1442 in
725 1377 948 1444 concubinatu
971 1379 1164 1464 aliquandiu

116 1483 295 1548 detinebat.
341 1481 423 1546 Dux
453 1503 531 1546 vero
557 1481 732 1562 Robertus,
758 1485 853 1568 pater
876 1479 955 1546 dicti
979 1479 1160 1558 Willielmi,

117 1585 381 1670 Hierosolymam
403 1583 607 1670 profecturus
631 1585 719 1672 apud
747 1583 923 1650 Fiscanum
946 1583 1083 1648 ducatus
1109 1583 1163 1646 sui

117 1687 159 1752 ad
188 1687 386 1772 colloquium
409 1689 609 1754 convocavit.
657 1687 776 1772 Ibique
806 1685 1025 1752 Willielmum
1054 1685 1160 1750 filiurn
1174 1697 1268 1752 Robert

119 1811 214 1854 suum
241 1789 350 1856 aetatis
373 1793 498 1876 septem
513 1811 678 1854 annorum
700 1789 862 1856 haeredenr
885 1789 950 1854 sibi
974 1789 1156 1868 constituit,
1173 1773 1332 1890 {iffiffifhis

119 1897 152 1958 et
175 1913 285 1958 omnes
308 1913 383 1958 suos
405 1893 494 1958 dicto
517 1891 697 1958 Willielmo
720 1891 915 1958 fidelitatem
938 1891 1016 1958 fecit
1041 1889 1160 1976 jruare.
1173 1917 1305 1956 successor.

119 1995 282 2060 Robertus
323 1997 416 2080 pater
446 1995 525 2082 ejus,
556 1995 819 2082 peregrinatione
851 2015 910 2060 sua
941 1995 1161 2060 transmarina

116 2097 326 2162 laudabiliter
356 2099 525 2184 completa,
551 2099 633 2164 durn
663 2099 785 2164 rediret
815 2099 859 2162 ad
897 2097 1042 2184 patriam
1076 2099 1161 2164 circa

118 2197 218 2284 Alpes
249 2199 336 2264 diem
366 2201 483 2266 clausit
515 2205 708 2266 extremum.
770 2199 833 2264 Oui
863 2201 1037 2264 succedens
1079 2201 1161 2264 Wil-

117 2303 255 2378 lielmus,
267 2303 355 2366 filius
378 2303 453 2388 ejus,
467 2303 504 2366 in
527 2325 639 2368 omnes
658 2303 860 2370 adversarios
883 2323 965 2384 snos,
983 2303 1039 2388 qui
1054 2303 1161 2390 ipsum

118 2405 155 2468 in
184 2405 303 2488 puerili
335 2409 433 2470 aetate
456 2405 685 2490 despexerunt,
716 2407 766 2472 ita
792 2405 930 2470 desaevit
953 2405 1087 2468 adultus
1122 2413 1161 2472 ut

118 2527 184 2570 non
200 2505 306 2570 solum
327 2507 459 2592 propria
480 2507 524 2572 ad
547 2511 672 2572 statum
688 2507 865 2596 pristinum
888 2507 1030 2588 reduxit,
1046 2529 1160 2572 verum

119 2607 218 2672 etiam
248 2629 290 2672 ex
332 2609 460 2674 damnis
494 2607 611 2674 alienis
646 2631 706 2676 sua
738 2609 908 2678 commoda
938 2609 1011 2674 fieri
1044 2633 1158 2696 procu-

119 2709 215 2774 ravit.
232 2745 233 2748 ¹

469 3011 549 3080 oar.
575 3011 808 3078 ccxxxvii.

95 3241 96 3246 ¹
158 3213 390 3278 accuramus
422 3233 480 3278 rex
511 3215 670 3278 naturalis
706 3211 838 3298 Angliae
870 3211 1022 3278 Emmam
1052 3215 1155 3282 filiam
1167 3229 1327 3284 callicana

116 3313 247 3380 Ricardi
269 3317 358 3380 ducis
383 3317 597 3382 Normanniae
625 3313 846 3402 desponsavit,
863 3335 906 3378 ex
930 3337 996 3400 ⁶1¹1a
1018 3299 1286 3418 genuitlfflffl’

116 3417 197 3482 duos
220 3417 313 3494 filios,
344 3417 474 3496 scilicet,
510 3417 673 3490 Alredum
703 3419 737 3482 et
768 3415 980 3480 Edwardum.
1026 3417 1161 3484 Mortuo
1174 3431 1310 3482 nerhenes

115 3541 228 3602 eorum
251 3525 354 3606 patre,
379 3517 518 3584 Suanos
542 3541 602 3584 rex
624 3519 797 3584 Danorum
821 3515 978 3602 Angliam
1002 3517 1066 3582 sibi
1089 3501 1334 3584 subaudiamus.

113 3621 256 3708 jugavit,
281 3625 315 3686 et
336 3621 451 3686 multis
474 3621 570 3686 annis
596 3619 771 3706 tyrannice
792 3617 829 3682 in
860 3619 975 3684 eadem
1006 3619 1167 3704 regnavit.
1192 3659 1194 3668 κ

120 3723 192 3804 Quo
217 3725 382 3800 defuncto,
415 3723 525 3788 Onuto
559 3725 648 3788 filius
672 3723 742 3808 ejus
779 3719 933 3806 regnavit
959 3741 1089 3806 prosc,
1114 3725 1322 3806 quiAceession

119 3847 232 3890 ornnes
257 3827 297 3890 de
322 3825 445 3890 semiue
471 3825 561 3910 regio
584 3827 759 3910 generatos
780 3821 969 3884 interimere
992 3821 1170 3890 nitebatur.
1184 3803 1344 3920 fftssf'ssqlq

120 3929 216 4008 Quod
263 3927 436 3992 audientes
465 3927 528 3992 filii
559 3929 646 4014 regis
678 3923 881 4002 Etheldredi,
914 3923 1046 4004 scilicet,
1077 3923 1171 3988 Alre-
1182 3959 1346 4012 Aetdeoand

118 4029 201 4094 dus⁸
224 4035 258 4094 et
286 4031 479 4106 Edwardus‚
505 4035 540 4094 et
569 4031 685 4094 mortis
716 4025 898 4114 perieulum
924 4025 1104 4106 imminere,
1127 4029 1170 4092 ad
1181 4025 1320 4076 Aetherea

118 4131 296 4196 Ricardum
323 4131 440 4196 ducem
464 4131 680 4196 Normanniae
703 4151 816 4196 eorum
839 4129 1039 4196 ammculum
1062 4103 1337 4226 laten-dssssffissl,
1424 4185 1429 4198 .

116 4239 168 4298 ter
189 4233 356 4318 fugerunt,
386 4238 419 4299 et
443 4235 567 4298 educe
590 4235 768 4300 honorifice
791 4231 934 4318 suscepti
957 4235 1042 4298 sunt.

160 4333 306 4398 Tandem
338 4355 399 4398 rex
422 4335 540 4400 Kouto
572 4337 726 4400 Emmam
757 4335 912 4420 reginam,
941 4337 1081 4398 matrem
1109 4333 1168 4398 Al·
1181 4351 1248 4402 Once

114 4433 225 4502 fredi4
247 4439 282 4502 et
306 4435 473 4518 Edwardi,
497 4423 723 4522 desponsavit,
750 4457 794 4502 ex
824 4457 891 4522 qua
921 4437 1039 4522 genuit
1061 4435 1168 4500 filium
1179 4433 1284 4532 fflff

1181 4549 1248 4600 A.D.
1269 4553 1339 4600 1017.

146 4739 153 4768 ¹
164 4739 301 4804 concrevit]
321 4743 393 4804 gen9.
428 4739 528 4792 A.B.D.
698 4737 839 4802 ³Alredus]
858 4739 993 4790 Aluredus
1034 4739 1101 4790 RD.

147 4813 261 4880 mauu]
278 4815 354 4878 gena
388 4815 423 4868 Α.
699 4817 966 4884 moneodanum.
1002 4819 1069 4868 an.

201 4911 275 4958 VOL.
300 4909 336 4958 ΙΙ.
1015 4913 1039 4958 N
