3300 5666
533 855 714 934 uunooruu
737 851 981 904 msroumauu.
1237 839 1277 906 19

647 1199 726 1266 oia.
753 1157 858 1268 XVI(

447 1415 497 1482 Dc
518 1413 667 1502 Assyria
692 1413 882 1482 Provincia
908 1413 1032 1482 Indica

266 1631 420 1696 Assume
442 1629 484 1694 ab
502 1629 606 1696 Assur
630 1629 699 1694 filio
722 1627 799 1696 Sem
825 1629 875 1694 iba
895 1631 1022 1712 uooaia,
1043 1629 1100 1716 qui
1123 1653 1195 1698 eam
1213 1653 1261 1698 re·
1277 1653 1313 1706 of
1324 1655 1375 1706 As-

220 1735 348 1822 gionem
370 1731 461 1820 posi1
486 1733 658 1802 Diluvium
680 1733 804 1820 primus
827 1733 972 1800 incoluii.
1019 1733 1101 1800 Haec
1116 1735 1158 1800 ab
1176 1733 1261 1802 Oriu
1274 1723 1346 1790 syria.

221 1839 359 1916 Indiam,
383 1859 403 1902 a
426 1835 564 1902 Meridie
587 1837 730 1902 Mediam
753 1833 872 1922 tangil,
890 1835 933 1900 ab
959 1831 1101 1902 Occiduo
1124 1837 1258 1926 Tigrim,

218 1965 237 2006 a
266 1939 495 2028 Septentrione
526 1939 675 2006 Moralem
709 1937 896 2018 Caucasum,
921 1939 979 2006 ubi
1003 1945 1107 2030 portae
1131 1941 1257 2030 Caspiae

219 2047 303 2108 suni.

221 2209 222 2212 ,
256 2147 297 2210 In
345 2143 405 2210 hac
444 2145 574 2232 regione
610 2143 735 2232 primus
776 2167 854 2212 usus
902 2167 1056 2234 purpurae
1091 2145 1248 2216 inversus

190 2253 264 2316 esi.
323 2247 405 2312 Inde
440 2249 582 2334 primurn
626 2249 768 2314 crinium
799 2255 833 2314 eb
872 2271 1044 2336 corporum
1082 2257 1255 2336 unguenda

209 2355 405 2418 inveneruni
431 2357 465 2416 el
499 2351 612 2418 odores
644 2357 678 2416 el
711 2351 959 2440 fumigationes,
984 2351 1103 2438 quibus
1136 2353 1256 2420 Roma-

187 2503 188 2506 ,
212 2477 327 2520 norum
358 2457 392 2522 el
416 2453 605 2522 Graecorum
628 2453 783 2522 affluxic2
812 2455 952 2522 luxuria

620 2767 698 2836 (lar.
722 2765 837 2834 XVII.

564 2959 614 3026 Dc
636 2957 889 3048 Mesopotamia.

245 3149 497 3214 Musororarum
530 3149 675 3214 Graecam
707 3149 941 3236 etymologiam
971 3147 1136 3236 possidci;
1173 3163 1385 3236 quaeormeso·

200 3253 324 3318 duobus
356 3253 467 3318 fluviis
503 3251 655 3318 ambiiur.
710 3245 768 3316 'Ab
801 3253 937 3318 Orienle
975 3245 1101 3338 Tigrim
1134 3251 1244 3332 habeb,
1256 3235 1375 3296 potamia.

198 3355 239 3420 ab
263 3355 406 3422 Occiduo
431 3355 643 3442 Euphratem.
692 3355 816 3440 Incipit
839 3359 951 3420 cubem
973 3377 993 3420 a
1014 3353 1344 3440 septenarioneraar.
1360 3389 1398 3436 14.

97 3481 100 3488 ·
196 3457 282 3524 inber
313 3461 441 3524 montes
468 3459 613 3524 Taurum
644 3463 678 3524 eb
714 3457 906 3538 Caucasum,
930 3481 951 3524 a
983 3457 1077 3542 cujus
1103 3457 1245 3526 Meridie
1257 3445 1325 3500 AD·

196 3563 344 3646 sequitur
371 3561 564 3648 Babylonia,
589 3559 707 3626 deinde
731 3561 896 3638 Chaldaea,
923 3561 1101 3626 novissime
1121 3561 1246 3628 Arabia

196 3661 378 3728 Eudaemon
408 3657 603 3748 Babyloniae
626 3663 770 3750 regionis
797 3667 905 3750 capub.
952 3653 1014 3728 Esi
1043 3665 1156 3728 autem
1188 3665 1246 3730 illa

194 3767 282 3852 regio
304 3767 449 3830 mulium
469 3761 581 3852 ampla
610 3769 681 3830 iam
703 3765 740 3830 in
773 3767 881 3830 laium
902 3787 1018 3850 ¹quam
1040 3765 1079 3830 in
1100 3765 1245 3854 longum,

194 3869 364 3934 abundans
386 3869 423 3932 in
445 3869 597 3956 frugibus
628 3873 663 3932 eb
693 3867 830 3954 pascuis,
858 3869 1038 3956 pecudibus
1061 3871 1095 3932 eb
1118 3889 1246 3936 armen-

192 3971 243 4050 iis,
273 3971 310 4034 in
333 3971 462 4036 diviciis
485 3977 519 4038 eb
546 3971 687 4038 metaliis
717 3971 860 4058 locuples
883 3971 1021 4038 valde«

220 4313 227 4344 ¹
236 4315 303 4382 post]
323 4321 390 4382 post.
407 4319 464 4368 add.
482 4317 517 4368 A.
708 4317 712 4384 Ι
770 4317 906 4384 ²calderaria]
926 4319 982 4370 The
992 4337 1011 4370 c
1022 4317 1154 4370 interlined
1164 4321 1192 4370 in
1202 4319 1236 4374 A.
