3300 5666
512 881 696 932 nonomen
719 875 965 930 nrsroamnun.
1191 863 1256 936 257

211 1047 372 1114 nutrierat
401 1049 435 1112 et
464 1049 563 1112 armis
593 1049 809 1114 decoraverat.
866 1051 932 1114 Hie
962 1051 996 1116 in
1022 1055 1149 1118 tantam
1175 1053 1255 1114 arni·

212 1151 320 1214 citiam
353 1147 574 1214 Romanorum
599 1151 773 1230 inciderat,
813 1155 852 1214 ut
886 1151 914 1214 si
951 1153 1059 1232 vellet,
1091 1151 1254 1218 tributum

212 1271 320 1340 eorum
343 1255 450 1336 posset
473 1251 669 1328 detinuisse3
687 1253 794 1340 gratis
816 1257 927 1318 tamen
950 1253 1102 1322 reddidit.

608 1531 684 1598 OAP.
704 1531 850 1598 XXVII.

253 1721 297 1790 ΙΝ
333 1723 448 1788 diebus
481 1717 554 1788 'suis
590 1725 687 1788 natus
725 1723 774 1788 est
809 1717 970 1784 Dominus
1007 1715 1128 1782 Noster
1157 1713 1254 1782 Jesus
1266 1729 1338 1780 aira
1349 1733 1379 1782 of

209 1823 365 1902 Christus,
393 1825 486 1910 eujus
510 1823 653 1910 pretioso
680 1821 839 1910 sanguine
863 1821 1043 1886 humanum
1068 1841 1172 1906 genus
1205 1841 1254 1884 re·

206 1925 375 2012 demptum
395 1931 452 2004 est,
475 1927 562 2012 quod
583 1929 753 1990 anteacto
774 1929 921 2012 tempore
936 1923 1122 1990 daemonum
1139 1927 1254 1988 eatena

206 2027 419 2114 obligabatur.

251 2129 471 2216 Kymbelinus
502 2151 576 2194 enm
612 2145 643 2194 x.
675 2127 771 2192 annis
803 2127 1010 2192 Britanniam
1040 2129 1254 2212 gubernasset

1267 1797 1356 1850 Christ.

205 2229 287 2296 duos
315 2231 432 2316 gennit
461 2229 554 2310 filios,
587 2251 726 2316 qnorum
751 2231 877 2316 primus
909 2229 1042 2294 Gwider
1064 2231 1251 2308 vorabatur,

203 2333 363 2396 secundus
392 2331 523 2400 antem¹
560 2331 761 2420 Aruiragne3
791 2333 861 2418 ipso
892 2333 1076 2398 discedente
1107 2331 1254 2418 sepultus

204 2439 254 2498 est
280 2435 323 2498 ad
351 2433 603 2498 Trinovantum.

239 2549 420 2622 Kymbelinus
437 2549 491 2604 fuit
509 2551 587 2606 miles
606 2555 733 2606 strenuus
752 2567 834 2622 quem
852 2551 998 2620 Augustus
1017 2549 1107 2606 Caesar
1123 2551 1254 2606 nutrierat

180 2675 182 2678 -
203 2639 229 2688 et
250 2633 330 2688 armis
352 2633 529 2688 decoraverat.
567 2633 621 2686 Hie
640 2633 669 2688 in
688 2639 798 2690 tantam
816 2633 962 2690 amicitiam
983 2633 1168 2688 Romanorum
1189 2633 1255 2688 inei-

203 2715 279 2770 derat
297 2721 337 2782 ut,
357 2735 420 2772 eum
438 2719 530 2786 posset
547 2717 683 2770 tributum
704 2735 798 2772 eorum
817 2716 942 2780 detinere,
968 2717 1050 2786 gratis
1071 2717 1253 2788 impendebat.

203 2799 237 2852 In
262 2797 357 2854 diebus
388 2799 441 2852 illis
466 2803 547 2852 natus
574 2803 615 2854 est
640 2799 777 2854 Dominus
809 2801 891 2854 Jesus
917 2799 1051 2864 Christus,
1077 2817 1155 2854 xnrr.
1181 2817 1253 2854 anno

202 2881 279 2954 regni
311 2881 439 2954 Augusti,
476 2881 583 2946 scilieet,
623 2879 773 2948 Octaviani,
804 2897 881 2936 xxx.
913 2899 985 2940 anno
1017 2885 1095 2954 regni
1127 2883 1254 2948 Herodis,

203 2969 282 3020 noete
306 2965 458 3020 Dominieae
479 2963 539 3030 diei,
560 2983 592 3020 ex
613 2963 677 3018 filiis
698 2963 772 3030 Seth,
785 2967 912 3020 universo
932 2965 995 3020 orbe
1013 2969 1107 3034 parato
1130 2983 1202 3020 anno
1220 2965 1254 3020 ab

203 3049 278 3104 Urbe
294 3047 403 3104 condita
422 3065 546 3114 neema,
560 3065 632 3102 anno
645 3047 738 3104 Beatae
749 3047 872 3118 Virginis
891 3065 986 3114 xrrrr„
999 3065 1071 3102 anno
1089 3047 1122 3102 ab
1143 3047 1254 3116 Origine

203 3131 304 3186 Mundi
323 3131 444 3204 quinque
461 3131 604 3186 millesimo
627 3149 652 3186 e.
665 3131 843 3202 nonagesimo
860 3149 942 3186 nono.
980 3131 1126 3186 Fluxerant
1144 3129 1269 3200 quidem,

203 3215 236 3270 ab
272 3213 432 3270 Habraham
468 3229 575 3268 ramur.
604 3213 755 3270 seeundum
786 3213 873 3268 LXX.
902 3213 1072 3284 interpretes,
1103 3213 1254 3268 seeundum

205 3297 335 3352 Hebraeos
360 3297 447 3350 multo
466 3297 614 3368 pauciores.
650 3295 785 3368 Tempore
810 3315 865 3368 quo
890 3299 971 3350 natus
993 3301 1034 3352 est
1058 3295 1185 3352 Christus
1205 3297 1254 3352 bos

203 3377 231 3434 in
257 3379 351 3446 Roma,
382 3395 471 3450 agnus
497 3379 526 3434 in
550 3377 672 3452 AEgypto
696 3377 819 3434 humana
848 3397 913 3434 voce
935 3379 1045 3434 loeutus
1069 3385 1128 3444 est3
1160 3379 1254 3434 Romae

203 3463 348 3534 Templum
373 3461 449 3518 Panis
468 3461 596 3516 funditus
619 3463 729 3518 sonuit.
767 3461 884 3516 Romani
904 3479 953 3532 pro
971 3479 1038 3532 paee
1056 3461 1173 3534 perfecta
1193 3481 1254 3534 quae

202 3549 261 3598 toto
284 3545 341 3600 orbi
367 3545 418 3600 sub
441 3545 570 3614 Augusto
596 3543 701 3598 Caesare
721 3543 888 3608 imminebat,
910 3545 1056 3614 Templum
1082 3545 1158 3598 Pacis
1182 3545 1255 3598 miri-

203 3627 286 3682 ficum
305 3631 520 3692 construxerant,
539 3625 573 3680 de
591 3645 646 3698 quo
665 3627 837 3682 consulentes
856 3623 988 3698 quamdiu
1007 3625 1124 3686 duraret,
1145 3641 1254 3696 respon-

203 3727 264 3764 sum
286 3715 342 3766 ests
373 3709 468 3764 Donec
488 3711 564 3782 virgo
584 3709 678 3780 pariat.
725 3707 782 3768 Qui
801 3705 950 3778 gaudentes
971 3707 1138 3764 intulerunt:
1166 3707 1255 3776 Igitur

203 3793 252 3848 erit
275 3793 305 3848 in
328 3797 469 3848 aurnum.
508 3791 562 3848 Sed
579 3791 609 3846 in
626 3793 673 3848 ilia
689 3791 758 3848 hora
776 3791 935 3848 Nativitatis
954 3791 1106 3846 Dominieee
1128 3789 1254 3846 funditus

204 3877 310 3932 corruit.
350 3875 396 3948 [B.
404 3875 445 3948 a]

248 3977 381 4042 Mortuo
411 3975 615 4060 Kymbelino
641 3975 731 4040 filius
756 3975 828 4060 ejus
860 3973 996 4040 Gwider
1022 3973 1172 4060 regnavit
1195 3995 1254 4062 pro
1266 3989 1398 4056 Kymteli-

205 4097 251 4142 eo.
300 4079 366 4142 Hie
377 4081 483 4144 tantae
500 4079 661 4164 superbiae
683 4075 750 4142 fuit
773 4077 861 4162 quod
883 4077 1047 4142 tributum
1070 4071 1404 4186 Romanumfflgffiy

204 4179 396 4258 suffocavit3
431 4177 620 4264 supervenit
652 4177 810 4244 Claudius
835 4179 892 4264 qui
918 4177 954 4240 in
981 4179 1156 4264 imperium
1181 4179 1256 4244 sub·
1269 4187 1378 4240 Gwider.

204 4285 339 4366 rogatus
369 4279 485 4344 fuerat.
547 4279 685 4346 Claudio
721 4279 903 4366 indignate,
935 4301 1093 4366 magnum
1123 4301 1257 4366 congre·

205 4381 298 4466 gavit
318 4381 500 4448 exereitum
513 4403 627 4448 versus
644 4379 855 4446 Britanniam
872 4405 906 4448 se
926 4381 1111 4470 disponens,
1128 4385 1170 4448 ad
1186 4403 1257 4448 eam

205 4483 470 4570 expugnandam.
517 4481 675 4548 Gwider²
692 4505 779 4562 vere,
796 4485 976 4550 exereitum
992 4484 1154 4570 colligens,
1170 4507 1259 4570 mag·
1354 4497 1355 4500 ’

239 4729 348 4796 'entend
369 4745 417 4784 om.
451 4731 516 4784 Bo.
737 4731 743 4800 Ι
789 4733 923 4798 ²Gwider]
944 4733 1101 4796 Gwyderius.
1135 4733 1166 4784 B.

291 4831 365 4880 VOL.
382 4831 418 4880 II.
1106 4831 1128 4878 R
