3300 5666
497 829 681 878 EULOGIUM
705 829 954 880 Hlsromalmn.
1193 815 1259 882 349

191 1025 291 1070 unam
324 1023 423 1088 quam
447 1003 511 1070 sibi
542 1005 654 1070 adesse
687 1007 909 1084 affectaverat,
944 1009 979 1070 et
1001 1025 1110 1070 coram
1133 1025 1167 1070 se
1190 1025 1248 1068 au·
1262 1019 1389 1072 Theme-

191 1127 284 1170 reum
306 1107 480 1172 draconem
513 1105 628 1170 infixit
651 1127 750 1190 quem
773 1127 832 1190 pro
855 1107 981 1172 vexillo
1011 1105 1165 1184 habebat,
1189 1107 1248 1170 ubi
1261 1089 1360 1218 {gfff

191 1207 359 1272 vulnerati
383 1211 417 1272 et
440 1207 582 1292 fatigati,
599 1207 628 1270 si
650 1207 828 1272 necessitas
851 1207 1069 1292 compulisset,
1087 1207 1182 1292 quasi
1204 1205 1248 1270 ad
1261 1219 1367 1272 Ashur.

192 1313 299 1374 castra
330 1309 550 1394 diffugissent.
612 1307 765 1374 Aderant
800 1313 914 1372 autem
952 1311 990 1372 in
1024 1309 1152 1394 legione
1189 1309 1248 1374 illa

193 1433 291 1496 quam
314 1433 425 1476 secum
447 1409 593 1474 habebat
617 1427 662 1476 vr.
688 1411 780 1474 milia
803 1409 952 1474 sexcenti
976 1415 1010 1472 et
1032 1427 1125 1476 nxvr.

238 1513 416 1598 Dispositis
439 1511 537 1600 ergo¹
571 1515 698 1578 cunctis
730 1511 969 1578 commilitones
1004 1531 1080 1612 spos
1112 1513 1149 1574 in
1180 1511 1248 1576 haec

192 1615 293 1680 verba
322 1613 527 1702 praefatur:²
550 1615 734 1680 Domestici
758 1613 831 1692 mei,
864 1615 921 1700 qui
953 1613 1164 1678 Britanniam
1195 1617 1248 1676 ter

189 1719 349 1782 denorum
388 1739 566 1806 regnorum
591 1717 761 1782 dominam
797 1715 929 1782 fecisti³
956 1721 1077 1782 vestrae
1108 1739 1243 1802 congre·

189 1821 279 1886 tulor
303 1819 465 1904 probitati
496 1841 595 1906 quarn
618 1821 810 1886 nullatenus
833 1819 978 1898 deficere,
1010 1819 1111 1884 immo
1137 1817 1241 1904 magis

188 1925 298 2008 vigere
327 1923 506 2006 considero,
537 1923 615 1988 licet
647 1939 677 1988 v.
704 1921 800 1986 annis
830 1921 867 1986 in
894 1921 1147 1988 oblectamentis
1178 1921 1239 1984 otii

187 2025 396 2090 inexercitati
422 2025 532 2112 potius
560 2045 658 2110 quam
689 2023 820 2090 militiae
843 2023 919 2090 usui
949 2025 1107 2090 hacteuus
1134 2023 1237 2088 dediti

186 2127 267 2192 sitis.
313 2125 532 2210 Nequaquam
563 2133 676 2192 tamen
714 2127 757 2192 ab
788 2127 904 2192 innata
934 2125 1107 2192 bonitate⁴
1140 2127 1233 2210 dege-

185 2227 361 2292 neravistis
389 2229 445 2292 sed
475 2227 512 2292 in
543 2229 615 2312 ipsa
644 2233 888 2314 perseverantes
921 2227 1085 2292 Romanos
1115 2249 1233 2312 propu⁴

180 2321 270 2394 listis
293 2329 330 2394 in
352 2329 471 2416 fugam,
498 2331 564 2414 qui,
589 2329 845 2396 instimulante⁵
868 2329 1021 2416 superbia
1044 2351 1111 2408 sua,
1136 2328 1233 2395 liber·

188 2435 294 2498 tatem
332 2455 353 2498 a
390 2431 487 2496 nobis
526 2431 654 2498 demere
692 2431 954 2510 affectaverunt,‘⁵
985 2433 1042 2516 qui
1084 2431 1234 2518 ampliori

185 2555 321 2598 numero
362 2535 549 2600 incedentes
587 2533 735 2622 ingerere
772 2537 891 2622 proelia
929 2533 1144 2620 inceperunt,⁷
1175 2535 1233 2620 qui

186 2637 372 2720 congressui
401 2633 534 2702 uestro8
564 2637 715 2702 resistere
746 2659 815 2702 non
845 2637 995 2702 valentes
1031 2657 1098 2704 sese
1128 2637 1232 2722 turpi·

109 2793 111 2798 ,
185 2743 237 2804 ter
259 2737 345 2804 infra
368 2737 540 2804 civitatem
573 2739 672 2804 istam
705 2743 909 2826 receperunt,
933 2761 974 2804 ex
998 2761 1064 2824 qua
1085 2739 1128 2804 ad
1151 2761 1232 2824 prae·

186 2861 260 2906 sens
291 2841 468 2926 egressuris
500 2843 534 2906 et
566 2861 623 2924 per
655 2841 768 2906 illam9
804 2841 1085 2930 Augustudunum
1115 2841 1234 2906 vallem

185 2943 340 3028 petituris
365 2941 496 3006 obviam
522 2943 672 3028 poteritis
696 2941 808 3008 adesse
839 2949 872 3010 et
893 2945 978 3008 nihil
1001 2945 1067 3008 tale
1096 2965 1231 3030 praeme-

184 3045 306 3110 ditatos
339 3043 432 3110 velut
477 3045 616 3128 pecudes
656 3067 819 3130 occupare.
886 3045 974 3112 Sane
1010 3047 1227 3110 Orientalium

184 3147 333 3232 gentium
365 3145 546 3232 segnitia1⁰
570 3145 607 3212 in
630 3145 852 3212 votis¹1esse
888 3149 1126 3214 existimabant
1148 3149 1249 3214 dum¹

178 3249 317 3332 patriam
342 3245 522 3312 vestram¹²
536 3247 642 3314 facere
665 3251 878 3314 tributariam
902 3255 935 3314 et
957 3249 1121 3316 vosmet¹³
1136 3251 1223 3336 ipsos

179 3349 354 3434 subjugare
389 3349 588 3414 affectarent.
635 3349 809 3434 Numquid
842 3357 1008 3416 noverunt
1043 3373 1115 3438 quae
1137 3353 1222 3416 bella

180 3449 278 3518 Dacis
309 3473 346 3516 ac
369 3449 609 3536 Norguensis1⁴
631 3449 864 3536 Gallorumque
898 3451 1034 3518 ducibus
1064 3451 1222 3518 intulistis

180 3575 260 3638 quos
283 3575 363 3620 meae
394 3553 591 3620 subdidistis
614 3555 771 3638 potestati
795 3559 829 3622 et
861 3553 903 3618 ab
935 3575 1047 3618 eorum
1069 3557 1221 3640 pudendo

179 3653 433 3720 liberavistisl¹⁵
465 3655 553 3734 Quid
574 3655 678 3740 igitur
699 3653 735 3718 in
757 3655 900 3740 graviori
923 3655 1142 3720 decertatione
1164 3677 1220 3718 va-

179 3755 308 3834 luimus,
326 3757 362 3820 in
385 3755 444 3822 hac
467 3755 583 3822 leviori
599 3755 669 3822 sine
686 3755 785 3822 dubio
807 3755 1058 3842 praevalebimus
1068 3755 1092 3792 ¹⁶
1107 3757 1135 3818 si
1150 3755 1221 3842 pari

215 4091 300 4154 'arpo]
320 4089 410 4152 itaque.
443 4091 507 4142 B.D.
759 4089 777 4118 ¹⁰
788 4089 903 4154 segnitia]
922 4089 1061 4154 segnitiam.
1091 4087 1154 4136 B.D.

214 4169 306 4218 ⁹Nota.
319 4169 345 4216 in
357 4183 435 4232 marg.
469 4169 541 4220 An.
759 4169 774 4196 ¹¹
789 4167 865 4232 vohis]
880 4167 960 4218 nobis.
988 4169 1052 4220 RD.

215 4247 327 4310 ³srcistr]
347 4247 447 4296 fecistis.
482 4247 547 4296 RD.
758 4247 902 4312 ''vestram]
921 4245 999 4298 niam.
1025 4247 1088 4298 B.D.

213 4325 350 4392 mortua]
369 4325 496 4388 probitate.
530 4327 594 4376 B.D.
757 4327 774 4358 ¹⁹
786 4325 883 4392 vosmet]
904 4335 1006 4378 nosmet.
1040 4329 1104 4380 B.D.

125 4447 127 4452 .
211 4405 404 4472 ⁵instr'malaate]
429 4405 576 4456 stimulante.
611 4409 643 4458 D.
756 4405 774 4436 ¹⁴
784 4423 814 4456 ac
824 4405 987 4472 Norpaensr's]
998 4415 1039 4458 aut
1052 4409 1219 4472 Norgueensi-

210 4485 416 4550 ‘affectaveram
434 4485 600 4548 propulerunt.
634 4487 664 4536 Β.
721 4487 774 4534 bus.
808 4487 871 4534 RD.

213 4565 385 4628 ⁷iuecperunt]
405 4571 539 4628 ooeperuut.
573 4565 606 4616 D.
754 4563 939 4632 ¹⁵lil1eravistis]
982 4563 1098 4616 dominio.
1132 4579 1215 4628 prtem.

212 4643 391 4708 ⁸vestro]n1'·o.
425 4643 455 4694 B.
719 4645 748 4694 B.
783 4645 912 4694 liberastis
945 4645 977 4694 D.

211 4721 309 4788 ⁹r'llam]
328 4721 407 4778 istam.
441 4723 507 4774 B.D.
753 4725 771 4754 ¹⁸
776 4721 972 4790 praevalebimus]
990 4721 1133 4776 valebimus.
1166 4721 1197 4770 B.
