3300 5666
359 803 423 868 302
648 809 830 860 aurocrun
852 805 1101 860 nrsrounaun.

767 1105 849 1172 sir.
875 1105 1010 1196 nuri„

200 1327 284 1378 Dela
297 1327 327 1378 of
415 1301 664 1368 Vonrrcnanus
702 1321 780 1366 vero
812 1321 942 1366 sensum
967 1301 1099 1388 juvenis
1135 1301 1286 1366 multum·
1307 1293 1410 1366 admi-

200 1393 345 1460 vortigern.
368 1419 444 1470 rans
460 1405 568 1472 verbis
594 1403 662 1470 suis
692 1403 772 1470 nec¹
798 1403 899 1470 fidem
926 1403 1088 1470 adhibuit.
1134 1403 1228 1468 Infra
1252 1405 1340 1468 enim
1364 1421 1410 1466 rx.
1522 1407 1523 1410 ’

370 1507 438 1574 dies
468 1507 504 1570 in
533 1499 694 1592 quodem2
723 1507 809 1570 turri
851 1511 901 1572 est
932 1507 1079 1586 obsessus
1115 1511 1149 1572 et
1187 1507 1224 1570 in
1266 1503 1328 1572 eo³
1355 1527 1413 1592 per

368 1631 478 1696 regem
504 1609 675 1676 Aurelium
706 1613 756 1676 est
778 1607 966 1676 combustus
977 1633 986 1690 3
1022 1607 1124 1676 Gesta
1150 1609 1325 1676 Britonum
1349 1607 1412 1676 dif-

368 1713 476 1778 fusius
499 1717 663 1778 enarrant.

403 1835 530 1892 Aurelius
551 1835 711 1892 Ambrosius
728 1853 785 1902 rex,
805 1835 956 1892 secundum
974 1835 1094 1892 Brutum
1110 1835 1153 1908 (l),
1172 1835 1250 1892 fortis
1268 1841 1295 1892 et
1313 1837 1412 1904 audax,

367 1923 468 1992 largus,
479 1919 589 1976 sedulus
608 1919 638 1974 in
659 1919 757 1976 divinis
776 1921 922 1994 obsequiis,
934 1921 1075 1976 modestus
1098 1921 1128 1976 in
1151 1921 1264 1988 cunctis,
1283 1925 1310 1976 et
1334 1941 1414 1994 super

367 2003 461 2070 omnia
485 2003 659 2060 mendacium
677 2005 777 2072 vitans,
803 2005 880 2060 fortis
898 2005 974 2078 pede,
995 2005 1090 2060 fortior
1113 2025 1191 2078 equ0,
1211 2011 1239 2060 et
1263 2005 1299 2060 ad
1321 2025 1414 2078 regen·

368 2089 435 2144 dum
463 2091 608 2144 exercitum
632 2089 738 2146 doctus.
784 2089 864 2146 Redit
888 2091 917 2144 in
941 2090 1121 2156 Britanniam,
1139 2089 1213 2144 unde
1237 2091 1311 2162 prius
1336 2093 1414 2144 aufu-

330 2231 332 2234 ,
365 2177 441 2246 gerat
449 2195 458 2238 3
486 2173 616 2246 adquam
635 2179 821 2230 convenerunt
838 2173 960 2246 undique
973 2175 1107 2240 Britones,
1126 2179 1328 2246 convocatoque
1344 2177 1413 2228 clero

366 2261 506 2312 unxerunt
525 2275 588 2312 eum
611 2257 752 2330 inregem,
776 2277 895 2330 moxque
913 2259 1083 2330 persequitur
1094 2259 1298 2330 Vortigernum,
1324 2277 1413 2330 quern,

366 2343 430 2414 quia
447 2347 552 2414 patrem
570 2361 653 2398 suum
672 2347 699 2396 et
716 2343 828 2396 fratrem
846 2341 1007 2414 perdiderat,
1026 2343 1056 2396 in
1073 2345 1161 2396 castro
1185 2359 1236 2396 ruo
1257 2343 1414 2396 combussit.

366 2425 432 2482 Post
458 2425 511 2480 hoc
544 2427 691 2480 committit
716 2425 820 2480 bellum
844 2443 908 2480 cum
940 2425 1113 2490 Senonibus3
1143 2425 1242 2498 quibus
1268 2425 1415 2492 debellatis,

366 2509 449 2564 Eldol
469 2511 534 2564 alias
554 2509 656 2576 Eldolf,
675 2509 732 2564 dux
752 2509 936 2576 Glouccstriae,
950 2527 1012 2564 cum
1033 2509 1177 2582 Hengysto
1197 2509 1316 2576 dimicat,
1334 2529 1415 2582 quern

365 2597 460 2648 tenens
480 2613 528 2666 per
539 2595 628 2648 vasale
647 2593 759 2650 cassidis
778 2595 851 2648 infra
869 2595 993 2648 concives
1010 2593 1133 2648 extraxit.
1171 2593 1307 2656 Britonss¹
1322 2597 1415 2648 tamen

365 2697 423 2732 non
434 2681 540 2732 cessant
560 2677 686 2750 Paganos
705 2695 861 2750 expugnare
874 2677 959 2732 donec
978 2679 1058 2750 potiti
1082 2681 1148 2732 sunt
1163 2677 1285 2732 victoria.
1317 2677 1416 2732 Postea

366 2763 441 2834 apud
475 2765 667 2836 Kamingburg
699 2765 811 2820 consilio
842 2763 953 2820 Eldaldi
985 2763 1103 2836 episcopi
1134 2763 1311 2818 Glaucestriae
1335 2765 1416 2818 Escol

366 2847 510 2904 decollavit
524 2847 681 2918 Engistum.
719 2847 787 2904 Otta
807 2849 882 2904 filius
900 2849 1009 2918 Engisti
1028 2853 1054 2904 et
1073 2849 1162 2904 caeteri
1178 2847 1299 2902 Saxones
1321 2867 1338 2902 a
1354 2867 1416 2918 rege

365 2935 464 3002 petunt
487 2931 698 2986 misericordiam
721 2935 748 2986 et
772 2933 927 3002 accipiunt;
960 2933 1060 3002 quibus
1091 2929 1165 2984 dedit
1196 2949 1243 2984 rex
1276 2931 1416 2986 nationem

362 3015 442 3086 juxta
465 3015 597 3080 Scociam,
622 3019 648 3068 et
671 3013 762 3070 foedus
787 3031 851 3068 cum
875 3015 912 3068 eir
940 3013 1120 3068 confirmavit.
1157 3013 1260 3068 Volens
1284 3031 1348 3084 ergo
1368 3033 1414 3068 rex

365 3097 497 3152 honorare
519 3099 666 3170 sepultura
695 3099 786 3152 locum
805 3097 853 3152 ubi
870 3115 993 3168 proceres
1017 3099 1164 3152 Britonum
1188 3095 1330 3170 Engystus
1351 3097 1415 3153 dolo

365 3181 504 3246 ceciderat,
529 3181 603 3236 misit
634 3185 743 3252 propter
770 3179 905 3236 Choream
938 3179 1091 3250 Gigantum
1121 3181 1151 3234 in
1175 3179 1338 3236 Hiberniam
1369 3181 1416 3252 qui

365 3283 424 3320 eam
445 3283 492 3332 per
516 3269 601 3320 artem
624 3263 733 3318 Merlini
758 3263 859 3326 attulit,
877 3267 903 3320 et
928 3263 998 3320 circa
1022 3263 1196 3336 sepulchrum
1214 3263 1349 3318 nobilium
1373 3281 1416 3318 oc·
1526 3265 1527 3268 ’

366 3347 483 3402 cicorum
515 3347 610 3402 statuit
643 3347 777 3400 Choream
800 3345 967 3416 praedictam,
990 3365 1051 3418 quae
1082 3365 1157 3402 nunc
1188 3351 1302 3402 vocatur
1334 3347 1416 3416 Lapis

372 3429 498 3486 Pendens
521 3435 548 3486 et
572 3429 686 3502 Anglice
712 3429 908 3502 Stonehenges.
956 3431 1023 3486 Post
1055 3431 1113 3486 haec
1136 3431 1215 3502 periit
1242 3449 1289 3486 rex
1312 3449 1416 3488 veneno

364 3515 438 3584 apud
457 3515 645 3586 antoniam
666 3531 739 3570 anuo
752 3531 861 3569 naun.
878 3515 955 3584 regni
974 3515 1023 3570 sui.
1057 3515 1241 3586 Sepultusque
1259 3519 1299 3570 est
1316 3515 1347 3568 in
1364 3533 1416 3570 cce·

363 3599 475 3656 meterio
497 3599 572 3672 quod
588 3599 645 3670 ipse
663 3601 869 3670 praeparaverat,
888 3599 997 3666 scilicet,
1017 3599 1089 3654 infra
1109 3597 1243 3654 Choream
1256 3597 1416 3670 Gigantum.

367 3681 468 3758 [Bt]

197 3799 351 3854 UtherPen·
410 3789 543 3856 Mortuo
578 3789 714 3854 Aurelio
754 3795 928 3856 coronatus
970 3793 1021 3854 est
1052 3789 1163 3854 Uther
1200 3787 1303 3854 frater
1342 3791 1418 3874 ejus.

198 3869 303 3998 itti

198 4001 307 4052 Britain.
367 3995 530 4062 Hibernia
567 3995 659 4060 ducti
686 4001 764 4060 sunt
799 3995 924 4082 lapides
956 3995 1023 4062 illae
1054 4017 1182 4082 magnae
1211 4017 1284 4080 quae
1315 3995 1420 4060 nunc4

200 4069 290 4202 {2222
366 4099 456 4184 apud
484 4101 516 4164 le
548 4097 738 4184 Stonhenge
769 4097 865 4164 sitae⁵
896 4103 982 4164 sunt.
1030 4097 1072 4160 Iu
1104 4097 1266 4162 Hibernia
1295 4103 1419 4164 vocatae

370 4291 496 4298 mnu—...-
856 4291 1413 4300 *ffl-.--.-.--.——-...........ffl..-n-„.

403 4417 477 4482 ¹ner]
497 4431 546 4466 our.
580 4415 643 4466 B.D.
952 4415 1020 4466 ⁴tllae
1031 4415 1274 4484 mopnaequccnuac]
1288 4415 1422 4480 illimagni

400 4495 538 4560 ²quodom]
565 4497 692 4546 corrected
710 4497 746 4560 by
766 4495 870 4546 another
922 4497 972 4560 qui.
1007 4495 1073 4546 B.D.

370 4577 440 4626 hand
448 4575 501 4624 into
513 4571 616 4638 quadum
628 4573 654 4622 in
666 4575 697 4622 B.

405 4655 465 4720 ico]
485 4651 615 4720 similarly
637 4655 763 4704 corrected
773 4653 828 4706 into
844 4669 873 4702 ea
958 4653 1044 4720 ⁵sz'toe]
1064 4655 1113 4704 siti.
1147 4655 1212 4704 RD.
1243 4687 1244 4692 =

372 4733 440 4788 inB.
1188 4751 1189 4756 ¹

366 3893 525 3980 Tempore
562 3897 675 3958 tamen
706 3891 835 3958 Aurelii
874 3893 960 3980 regis
992 3913 1050 3980 per
1080 3896 1185 3959 artem
1222 3891 1355 3956 Martini
1379 3893 1419 3958 de
1533 3911 1541 3938 ε
1592 3861 1594 3908 ³
